
@article{andersson01,
author  = {J. L. R. Andersson and C. Hutton and J. Ashburner and R. Turner and K. J. Friston},
title   = {Modeling Geometric Deformations in EPI Time Series.},
journal = {{N}euro{I}mage},
volume  = {13},
number  = {5},
pages   = {903--919},
year    = {2001},
}

@article{ashburner01,
author  = {J. Ashburner and K. J. Friston},
title   = {Why Voxel-Based Morphometry Should Be Used},
journal = {{N}euro{I}mage},
volume  = {14},
number  = {6},
pages   = {1238--1243},
year    = {2001},
}

@inproceedings{collignon95,
author  = {A. Collignon and F. Maes and D. Delaere and D. Vandermeulen and P. Suetens and G. Marchal},
title   = {Automated Multi-Modality Image Registration Based on Information Theory},
booktitle       = {Proc. {I}nformation {P}rocessing in {M}edical {I}maging},
editor  = {Y. Bizais and C. Barillot and R. {Di Paola}},
publisher       = {Kluwer Academic Publishers},
address = {Dordrecht, The Netherlands},
year    = {1995},
pages   = {263--274},
}

@article{cox99,
author  = {R. W. Cox and A. Jesmanowicz},
title   = {Real-Time {3D} Image Registration for Functional {MRI}},
journal = {{M}agnetic {R}esonance In {M}edicine},
volume  = {42},
pages   = {1014--1018},
year    = {1999},
}

@article{eddy96,
author  = {W. F. Eddy and M. Fitzgerald and D. C. Noll},
title   = {Improved Image Registration by Using {F}ourier Interpolation},
journal = {{M}agnetic {R}esonance in {M}edicine},
pages   = {923--931},
volume  = {36},
year    = {1996},
}

@article{maes97,
author  = {F. Maes and A. Collignon and D. Vandermeulen and G. Marchal and P. Seutens},
title   = {Multimodality Image Registration by Maximisation of Mutual Information},
journal = {{IEEE} {T}ransactions on {M}edical {I}maging},
volume  = {16},
pages   = {187--197},
year    = {1997},
}

@book{press92,
author  = {W. H. Press and S. A. Teukolsky and W. T. Vetterling and B. P. Flannery},
title   = {Numerical Recipes in {C} (Second Edition)},
publisher       = {Cambridge},
address = {Cambridge},
year    = {1992}
}

@article{studholme99,
author  = {C. Studholme and D. L. G. Hill and D. J. Hawkes},
title   = {An Overlap Invariant Entropy Measure of {3D} Medical Image Alignment},
journal = {Pattern {R}ecognition},
volume  = {32},
pages   = {71--86},
year    = {1999},
}

@article{thevenaz00a,
author  = {P. Th\'evenaz and T. Blu and M. Unser},
title   = {Interpolation Revisited},
journal = {{IEEE} {T}ransactions on {M}edical {I}maging},
volume  = {19},
number  = {7},
pages   = {739--758},
year    = {2000},
}

@article{unser93a,
author  = {M. Unser and A. Aldroubi and M. Eden},
title   = {B-Spline Signal Processing: Part {I} -- Theory},
journal = {{IEEE} {T}ransactions on {S}ignal {P}rocessing},
volume  = {41},
number  = {2},
pages   = {821--833},
year    = {1993},
}

@article{unser93b,
author  = {M. Unser and A. Aldroubi and M. Eden},
title   = {B-Spline Signal Processing: Part {II} -- Efficient Design and Applications},
journal = {{IEEE} {T}ransactions on {S}ignal {P}rocessing},
volume  = {41},
number  = {2},
pages   = {834--848},
year    = {1993},
}

@article{wells96,
author  = {W. M. {Wells III} and P. Viola and H. Atsumi and S. Nakajima and R. Kikinis},
title   = {Multi-Modal Volume Registration by Maximisation of Mutual Information},
journal = {{M}edical {I}mage {A}nalysis},
volume  = {1},
number  = {1},
pages   = {35--51},
year    = {1996},
}

