


%
%
%
% automatically generated
% % /home/spm/bin/bibtex2html -w biblio-spm.cfg spm-expand.bib -partial-equality-of-names -use-html-links -copy-icons -icons -force
% Date: Tue Nov 22 19:40:06 2005

% Author: gflandin
%
%
%










@BOOK{hbf2,
   PUBLISHER    = {Academic Press},
   TITLE        = {Human Brain Function},
   YEAR         = {2003},
   AUTHOR       = {R.S.J. Frackowiak and K.J. Friston and C. Frith and 
      R. Dolan and C.J. Price and S. Zeki and J. Ashburner and W.D. Penny},
   ALTEDITOR    = {},
   OPTADDRESS   = {},
   EDITION      = {2nd},
   OPTMONTH     = {},
   OPTNOTE      = {},
   OPTNUMBER    = {},
   OPTSERIES    = {},
   OPTVOLUME    = {},
   KEYWORDS     = {introduction},
   URL          = {http://www.fil.ion.ucl.ac.uk/spm/doc/books/hbf2/}
}

@BOOK{hbf,
   PUBLISHER    = {Academic Press USA},
   TITLE        = {Human Brain Function},
   YEAR         = {1997},
   ALTAUTHOR    = {},
   EDITOR       = {R.S.J. Frackowiak and K.J. Friston and C. Frith and 
      R. Dolan and J.C. Mazziotta},
   OPTADDRESS   = {},
   OPTEDITION   = {},
   OPTMONTH     = {},
   OPTNOTE      = {},
   OPTNUMBER    = {},
   OPTSERIES    = {},
   OPTVOLUME    = {},
   KEYWORDS     = {introduction},
   URL          = {http://www.fil.ion.ucl.ac.uk/spm/doc/books/hbf1/}
}

@PHDTHESIS{lucy_phd,
   AUTHOR       = {L. Lee},
   SCHOOL       = {University College London},
   TITLE        = {Imaging the effects of 1Hz Repetitive Transcranial 
      Magnetic Stimulation during motor behaviour},
   YEAR         = {2004},
   OPTADDRESS   = {},
   OPTMONTH     = {},
   OPTNOTE      = {},
   OPTTYPE      = {},
   KEYWORDS     = {TMS},
   PDF          = {/spm/doc/theses/lucy/lucy_lee_phd.pdf}
}

@PHDTHESIS{john_phd,
   AUTHOR       = {J. Ashburner},
   SCHOOL       = {University College London},
   TITLE        = {Computational Neuroanatomy},
   YEAR         = {2000},
   OPTADDRESS   = {},
   OPTMONTH     = {},
   OPTNOTE      = {},
   OPTTYPE      = {},
   KEYWORDS     = {spatial, registration, normalisation},
   URL          = {/spm/doc/theses/john/}
}

@PHDTHESIS{sjk_phd,
   AUTHOR       = {S.J. Kiebel},
   SCHOOL       = {University College London},
   TITLE        = {Anatomically informed basis functions},
   YEAR         = {2000},
   OPTADDRESS   = {},
   OPTMONTH     = {},
   OPTNOTE      = {},
   OPTTYPE      = {},
   KEYWORDS     = {spatial, fMRI},
   PDF          = {/spm/doc/theses/stefan/skiebel_thesis.pdf}
}

@PHDTHESIS{cp_phd,
   AUTHOR       = {C. Phillips},
   SCHOOL       = {University de Liege, Belgium},
   TITLE        = {Source estimation in EEG},
   YEAR         = {2000},
   OPTADDRESS   = {},
   OPTMONTH     = {},
   OPTNOTE      = {},
   OPTTYPE      = {},
   KEYWORDS     = {EEG, MEG, Bayesian},
   PDF          = {/spm/doc/theses/chrisp/localis.pdf}
}

@PHDTHESIS{holmes94,
   AUTHOR       = {A.P. Holmes},
   SCHOOL       = {University of Glasgow},
   TITLE        = {Statistical Issues in Functional Brain Mapping},
   YEAR         = {1994},
   OPTADDRESS   = {},
   MONTH        = {December},
   OPTNOTE      = {},
   OPTTYPE      = {},
   KEYWORDS     = {RFT, PET, GLM},
   URL          = {/spm/doc/theses/andrew/}
}

@INCOLLECTION{karl_responses,
   AUTHOR       = {K.J. Friston and W.D. Penny and O. David},
   BOOKTITLE    = {International Review of Neurobiology, Neuroimaging, Part A},
   PUBLISHER    = {Elsevier},
   TITLE        = {Modelling brain responses},
   YEAR         = {2005},
   OPTADDRESS   = {},
   OPTCHAPTER   = {},
   OPTCROSSREF  = {},
   OPTEDITION   = {},
   EDITOR       = {M.F. Glabus},
   OPTMONTH     = {},
   OPTNOTE      = {},
   OPTNUMBER    = {},
   OPTPAGES     = {},
   OPTSERIES    = {},
   OPTTYPE      = {},
   OPTVOLUME    = {},
   KEYWORDS     = {Introduction}
}

@ARTICLE{ashburner05,
   AUTHOR       = {J. Ashburner and K.J. Friston},
   JOURNAL      = {NeuroImage},
   TITLE        = {Unified segmentation},
   YEAR         = {2005},
   OPTMONTH     = {},
   OPTNOTE      = {},
   OPTNUMBER    = {},
   PAGES        = {839--851},
   VOLUME       = {26},
   KEYWORDS     = {spatial, vbm, Bayesian, registration, normalisation, 
      MRI, segment

}
}

@ARTICLE{karl_conj_revisit,
   AUTHOR       = {K.J. Friston and W.D. Penny and D.E. Glaser},
   JOURNAL      = {NeuroImage},
   TITLE        = {Conjunction revisited},
   YEAR         = {2005},
   OPTMONTH     = {},
   OPTNOTE      = {},
   OPTNUMBER    = {},
   OPTPAGES     = {},
   OPTVOLUME    = {},
   KEYWORDS     = {conjunction},
   PDF          = {/spm/doc/papers/karl_conj_revisit.pdf}
}

@ARTICLE{karl_mixed,
   AUTHOR       = {K.J. Friston and K.E. Stephan and T.E. Lund and 
      A. Morcom and S.J. Kiebel},
   JOURNAL      = {NeuroImage},
   TITLE        = {Mixed-effects and fMRI studies},
   YEAR         = {2005},
   OPTMONTH     = {},
   OPTNOTE      = {},
   OPTNUMBER    = {},
   PAGES        = {244-252},
   VOLUME       = {24},
   KEYWORDS     = {fMRI, GLM},
   PDF          = {/spm/doc/papers/karl_mixed.pdf}
}

@ARTICLE{kiebel_eeg3,
   AUTHOR       = {S.J. Kiebel and C. Tallon-Baudry and K.J. Friston},
   JOURNAL      = {Human Brain Mapping},
   TITLE        = {Parametric analysis of osciallatory activity as measured 
      with EEG/MEG},
   YEAR         = {2005},
   OPTMONTH     = {},
   OPTNOTE      = {},
   NUMBER       = {3},
   PAGES        = {170--177},
   VOLUME       = {26},
   KEYWORDS     = {EEG, GLM, ERP, MEG},
   PDF          = {/spm/doc/papers/sjk_eeg3.pdf}
}

@ARTICLE{james_rft,
   AUTHOR       = {J. Kilner and S.J. Kiebel and K.J. Friston},
   JOURNAL      = {Neuroscience Letters},
   TITLE        = {Applications of random field theory to electrophysiology},
   YEAR         = {2005},
   OPTMONTH     = {},
   OPTNOTE      = {},
   OPTNUMBER    = {},
   PAGES        = {174-178},
   VOLUME       = {374},
   KEYWORDS     = {EEG, MEG, GLM, RFT},
   PDF          = {/spm/doc/papers/james_rft.pdf}
}

@ARTICLE{am_vbmreview,
   AUTHOR       = {A. Mechelli and C.J. Price and K.J. Friston and 
      J. Ashburner},
   JOURNAL      = {Current Medical Imaging Reviews},
   TITLE        = {Voxel-Based Morphometry of the Human Brain: Methods and 
      Applications},
   YEAR         = {2005},
   OPTMONTH     = {},
   OPTNOTE      = {},
   OPTNUMBER    = {},
   PAGES        = {105-113},
   OPTVOLUME    = {},
   KEYWORDS     = {VBM},
   PDF          = {/spm/doc/papers/am_vbmreview.pdf}
}

@ARTICLE{tom_valid,
   AUTHOR       = {T.E. Nichols and M. Brett and J. Andersson and T. Wager and 
      J.B. Poline},
   JOURNAL      = {NeuroImage},
   TITLE        = {Valid conjunction inference with the minimum statistic},
   YEAR         = {2005},
   OPTMONTH     = {},
   OPTNOTE      = {},
   OPTNUMBER    = {},
   PAGES        = {653-660},
   VOLUME       = {25},
   KEYWORDS     = {conjunction},
   PDF          = {/spm/doc/papers/NicholsBrett.pdf}
}

@ARTICLE{tom_rft_meg,
   AUTHOR       = {D. Pantazis and T.E. Nichols and S. Baillet and 
      R.M. Leahy},
   JOURNAL      = {NeuroImage},
   TITLE        = {A comparison of random field theory and permutation 
      methods for the statistical analysis of MEG data.},
   YEAR         = {2005},
   OPTMONTH     = {},
   OPTNOTE      = {},
   OPTNUMBER    = {},
   PAGES        = {383-394},
   VOLUME       = {25},
   KEYWORDS     = {RFT, MEG, nonparametric},
   PDF          = {/spm/doc/papers/PantazisNI.pdf}
}

@ARTICLE{will_bayes_srglm,
   AUTHOR       = {W.D. Penny and G. Flandin and N. Trujillo-Barreto},
   JOURNAL      = {Human Brain Mapping},
   TITLE        = {Bayesian Comparison of Spatially Regularised General 
      Linear Models},
   YEAR         = {2005},
   OPTMONTH     = {},
   NOTE         = {Accepted for publication},
   OPTNUMBER    = {},
   OPTPAGES     = {},
   OPTVOLUME    = {},
   KEYWORDS     = {Bayesian, fMRI, PPM, GLM},
   PDF          = {/spm/doc/papers/vb4.pdf}
}

@ARTICLE{will_bds,
   AUTHOR       = {W.D. Penny and Z. Ghahramani and K.J. Friston},
   JOURNAL      = {Phil Trans R Soc B},
   TITLE        = {Bilinear Dynamical Systems},
   YEAR         = {2005},
   OPTMONTH     = {},
   NOTE         = {To appear},
   OPTNUMBER    = {},
   OPTPAGES     = {},
   OPTVOLUME    = {},
   KEYWORDS     = {Dynamic, Markov, fMRI},
   PDF          = {http://www.fil.ion.ucl.ac.uk/~wpenny/publications/penny_bds.pdf}
}

@ARTICLE{vb2,
   AUTHOR       = {W.D. Penny and N. Trujillo-Barreto and K.J. Friston},
   JOURNAL      = {NeuroImage},
   TITLE        = {Bayesian fMRI time series analysis with spatial priors},
   YEAR         = {2005},
   OPTMONTH     = {},
   OPTNOTE      = {},
   NUMBER       = {2},
   PAGES        = {350-362},
   VOLUME       = {24},
   KEYWORDS     = {Spatial, fMRI},
   PDF          = {http://www.fil.ion.ucl.ac.uk/~wpenny/publications/vb2_2005.pdf}
}

@ARTICLE{Phillips05,
   AUTHOR       = {C. Phillips and J. Mattout and M. D. Rugg and P. Maquet and K. J. Friston KJ.},
   JOURNAL      = {NeuroImage},
   TITLE        = {An empirical Bayesian solution to the source reconstruction problem in EEG.},
   YEAR         = {2005},
   OPTMONTH     = {},
   OPTNOTE      = {},
   NUMBER       = {4},
   PAGES        = {997--1011},
   VOLUME       = {24},
   KEYWORDS     = {},
   PDF          = {}
}

@ARTICLE{UNKNOWN,
   AUTHOR       = {},
   JOURNAL      = {},
   TITLE        = {},
   YEAR         = {},
   OPTMONTH     = {},
   OPTNOTE      = {},
   NUMBER       = {},
   PAGES        = {},
   VOLUME       = {},
   KEYWORDS     = {},
   PDF          = {}
}

@INCOLLECTION{penny_class4,
   AUTHOR       = {W.D. Penny and K.J. Friston},
   BOOKTITLE    = {Advanced Image Processing in Magnetic Resonance Imaging},
   PUBLISHER    = {Marcel Dekker},
   TITLE        = {Classical and Bayesian Iinference in fMRI},
   YEAR         = {2004},
   OPTADDRESS   = {},
   OPTCHAPTER   = {},
   OPTCROSSREF  = {},
   OPTEDITION   = {},
   EDITOR       = {L. Landini},
   OPTMONTH     = {},
   OPTNOTE      = {},
   OPTNUMBER    = {},
   OPTPAGES     = {},
   OPTSERIES    = {},
   OPTTYPE      = {},
   OPTVOLUME    = {},
   KEYWORDS     = {introduction},
   PDF          = {http://www.fil.ion.ucl.ac.uk/~wpenny/publications/classical.pdf

}
}

@ARTICLE{od_measures,
   AUTHOR       = {O. David and D. Cosmelli and K.J. Friston},
   JOURNAL      = {NeuroImage},
   TITLE        = {Evaluation of different measures of functional 
      connectivity using a neural mass model},
   YEAR         = {2004},
   OPTMONTH     = {},
   OPTNOTE      = {},
   NUMBER       = {2},
   PAGES        = {659--673},
   VOLUME       = {21},
   KEYWORDS     = {connectivity, dynamical, EEG},
   PDF          = {/spm/doc/papers/od_measures.pdf}
}

@ARTICLE{karl_anatomy,
   AUTHOR       = {K.J. Friston and J. Ashburner},
   JOURNAL      = {NeuroImage},
   TITLE        = {Generative and recognition models for neuroanatomy},
   YEAR         = {2004},
   OPTMONTH     = {},
   OPTNOTE      = {},
   NUMBER       = {1},
   PAGES        = {21-24},
   VOLUME       = {23},
   KEYWORDS     = {spatial, Bayesian, EM},
   PDF          = {/spm/doc/papers/karl_anatomy.pdf}
}

@ARTICLE{tom_combining,
   AUTHOR       = {S. Hayasaka and T.E. Nichols},
   JOURNAL      = {NeuroImage},
   TITLE        = {Combining voxel intensity and cluster extent with 
      permutation test framework},
   YEAR         = {2004},
   OPTMONTH     = {},
   OPTNOTE      = {},
   OPTNUMBER    = {},
   PAGES        = {54-63},
   VOLUME       = {23},
   KEYWORDS     = {nonparametric, cluster},
   PDF          = {/spm/doc/papers/HayasakaNichols_ClusComb.pdf}
}

@ARTICLE{tom_nonstat,
   AUTHOR       = {S. Hayasaka and K.L. Phan and I. Liberzon and 
      K.J. Worsley and T.E. Nichols},
   JOURNAL      = {NeuroImage},
   TITLE        = {Non-Stationary Cluster Size Inference with Random Field 
      and Permutation Methods},
   YEAR         = {2004},
   OPTMONTH     = {},
   OPTNOTE      = {},
   OPTNUMBER    = {},
   PAGES        = {676-687},
   VOLUME       = {22},
   KEYWORDS     = {Cluster, RFT, nonparametric},
   PDF          = {/spm/doc/papers/HayasakaNichols_NonstCls.pdf}
}

@ARTICLE{kiebel_spm_eeg1,
   AUTHOR       = {S.J. Kiebel and K.J. Friston},
   JOURNAL      = {NeuroImage},
   TITLE        = {Statistical Parametric Mapping for Event-Related 
      Potentials I: Generic Considerations},
   YEAR         = {2004},
   OPTMONTH     = {},
   OPTNOTE      = {},
   NUMBER       = {2},
   PAGES        = {492--502},
   VOLUME       = {22},
   KEYWORDS     = {EEG, GLM, ERP, MEG},
   PDF          = {/spm/doc/papers/sjk_erp1.pdf}
}

@ARTICLE{kiebel_spm_eeg2,
   AUTHOR       = {S.J. Kiebel and K.J. Friston},
   JOURNAL      = {NeuroImage},
   TITLE        = {Statistical Parametric Mapping for Event-Related 
      Potentials II: A Hierarchical Temporal Model},
   YEAR         = {2004},
   OPTMONTH     = {},
   OPTNOTE      = {},
   NUMBER       = {2},
   PAGES        = {503--520},
   VOLUME       = {22},
   KEYWORDS     = {EEG, GLM, ERP, MEG},
   PDF          = {/spm/doc/papers/sjk_erp2.pdf}
}

@ARTICLE{cdcm,
   AUTHOR       = {W.D. Penny and K.E. Stephan and A. Mechelli and 
      K.J. Friston},
   JOURNAL      = {NeuroImage},
   TITLE        = {Comparing Dynamic Causal Models},
   YEAR         = {2004},
   OPTMONTH     = {},
   OPTNOTE      = {},
   NUMBER       = {3},
   PAGES        = {1157--1172},
   VOLUME       = {22},
   KEYWORDS     = {Bayesian, connectivity, fMRI, DCM, BMC},
   PDF          = {http://www.fil.ion.ucl.ac.uk/~wpenny/publications/nimg1091.pdf

}
}

@ARTICLE{sem_dcm_integration,
   AUTHOR       = {W.D. Penny and K.E. Stephan and A. Mechelli and 
      K.J. Friston},
   JOURNAL      = {NeuroImage},
   TITLE        = {Modelling Functional Integration: A Comparison of 
      Structural Equation and Dynamic Causal and Models},
   YEAR         = {2004},
   OPTMONTH     = {},
   NOTE         = {Supplement 1},
   OPTNUMBER    = {},
   PAGES        = {264-274},
   VOLUME       = {23},
   KEYWORDS     = {introduction, connectivity, DCM},
   PDF          = {http://www.fil.ion.ucl.ac.uk/~wpenny/publications/integration.pdf

}
}

@ARTICLE{dti_dcm,
   AUTHOR       = {N. Ramnani and T.E.J. Behrens and W.D. Penny and 
      P.M. Matthews},
   JOURNAL      = {Biological Psychiatry},
   TITLE        = {New approaches for exploring anatomic and functional 
      connectivity in the human brain},
   YEAR         = {2004},
   OPTMONTH     = {},
   NOTE         = {In Press},
   OPTNUMBER    = {},
   OPTPAGES     = {},
   OPTVOLUME    = {},
   KEYWORDS     = {introduction, DCM},
   PDF          = {http://www.fil.ion.ucl.ac.uk/~wpenny/publications/new_app.pdf

}
}

@ARTICLE{klaas_biophys,
   AUTHOR       = {K.E. Stephan and L. Harrison and W.D. Penny and 
      K.J. Friston},
   JOURNAL      = {Current Opinion in Neurobiology},
   TITLE        = {Biophysical models of fMRI responses},
   YEAR         = {2004},
   OPTMONTH     = {},
   OPTNOTE      = {},
   NUMBER       = {5},
   PAGES        = {629--635},
   VOLUME       = {14},
   PDF          = {http://www.fil.ion.ucl.ac.uk/~wpenny/publications/conb.pdf

}
}

@INCOLLECTION{john_hbf2_4,
   AUTHOR       = {J. Ashburner and K.J. Friston},
   BOOKTITLE    = {Human Brain Function},
   PUBLISHER    = {Academic Press},
   TITLE        = {High-dimensional image warping},
   YEAR         = {2003},
   OPTADDRESS   = {},
   OPTCHAPTER   = {},
   OPTCROSSREF  = {},
   EDITION      = {2nd},
   EDITOR       = {R.S.J. Frackowiak and K.J. Friston and C. Frith and 
      R. Dolan and K.J. Friston and C.J. Price and S. Zeki and J. Ashburner and 
      W.D. Penny},
   OPTMONTH     = {},
   OPTNOTE      = {},
   OPTNUMBER    = {},
   OPTPAGES     = {},
   OPTSERIES    = {},
   OPTTYPE      = {},
   OPTVOLUME    = {},
   KEYWORDS     = {introduction},
   PDF          = {/spm/doc/books/hbf2/pdfs/Ch4.pdf}
}

@INCOLLECTION{john_hbf2_5,
   AUTHOR       = {J. Ashburner and K.J. Friston},
   BOOKTITLE    = {Human Brain Function},
   PUBLISHER    = {Academic Press},
   TITLE        = {Image segmentation},
   YEAR         = {2003},
   OPTADDRESS   = {},
   OPTCHAPTER   = {},
   OPTCROSSREF  = {},
   EDITION      = {2nd},
   EDITOR       = {R.S.J. Frackowiak and K.J. Friston and C. Frith and 
      R. Dolan and K.J. Friston and C.J. Price and S. Zeki and J. Ashburner and 
      W.D. Penny},
   OPTMONTH     = {},
   OPTNOTE      = {},
   OPTNUMBER    = {},
   OPTPAGES     = {},
   OPTSERIES    = {},
   OPTTYPE      = {},
   OPTVOLUME    = {},
   KEYWORDS     = {introduction},
   PDF          = {/spm/doc/books/hbf2/pdfs/Ch5.pdf}
}

@INCOLLECTION{john_hbf2_6,
   AUTHOR       = {J. Ashburner and K.J. Friston},
   BOOKTITLE    = {Human Brain Function},
   PUBLISHER    = {Academic Press},
   TITLE        = {Morphometry},
   YEAR         = {2003},
   OPTADDRESS   = {},
   OPTCHAPTER   = {},
   OPTCROSSREF  = {},
   EDITION      = {2nd},
   EDITOR       = {R.S.J. Frackowiak and K.J. Friston and C. Frith and 
      R. Dolan and K.J. Friston and C.J. Price and S. Zeki and J. Ashburner and 
      W.D. Penny},
   OPTMONTH     = {},
   OPTNOTE      = {},
   OPTNUMBER    = {},
   OPTPAGES     = {},
   OPTSERIES    = {},
   OPTTYPE      = {},
   OPTVOLUME    = {},
   KEYWORDS     = {introduction},
   PDF          = {/spm/doc/books/hbf2/pdfs/Ch6.pdf}
}

@INCOLLECTION{john_hbf2_2,
   AUTHOR       = {J. Ashburner and K.J. Friston},
   BOOKTITLE    = {Human Brain Function},
   PUBLISHER    = {Academic Press},
   TITLE        = {Rigid body registration},
   YEAR         = {2003},
   OPTADDRESS   = {},
   OPTCHAPTER   = {},
   OPTCROSSREF  = {},
   EDITION      = {2nd},
   EDITOR       = {R.S.J. Frackowiak and K.J. Friston and C. Frith and 
      R. Dolan and K.J. Friston and C.J. Price and S. Zeki and J. Ashburner and 
      W.D. Penny},
   OPTMONTH     = {},
   OPTNOTE      = {},
   OPTNUMBER    = {},
   OPTPAGES     = {},
   OPTSERIES    = {},
   OPTTYPE      = {},
   OPTVOLUME    = {},
   KEYWORDS     = {introduction},
   PDF          = {/spm/doc/books/hbf2/pdfs/Ch2.pdf}
}

@INCOLLECTION{john_hbf2_3,
   AUTHOR       = {J. Ashburner and K.J. Friston},
   BOOKTITLE    = {Human Brain Function},
   PUBLISHER    = {Academic Press},
   TITLE        = {Spatial normalization using basis functions},
   YEAR         = {2003},
   OPTADDRESS   = {},
   OPTCHAPTER   = {},
   OPTCROSSREF  = {},
   EDITION      = {2nd},
   EDITOR       = {R.S.J. Frackowiak and K.J. Friston and C. Frith and 
      R. Dolan and K.J. Friston and C.J. Price and S. Zeki and J. Ashburner and 
      W.D. Penny},
   OPTMONTH     = {},
   OPTNOTE      = {},
   OPTNUMBER    = {},
   OPTPAGES     = {},
   OPTSERIES    = {},
   OPTTYPE      = {},
   OPTVOLUME    = {},
   KEYWORDS     = {introduction},
   PDF          = {/spm/doc/books/hbf2/pdfs/Ch3.pdf}
}

@INCOLLECTION{brett_hbf2,
   AUTHOR       = {M. Brett and W.D. Penny and S.J. Kiebel},
   BOOKTITLE    = {Human Brain Function},
   PUBLISHER    = {Academic Press},
   TITLE        = {Introduction to Random field theory},
   YEAR         = {2003},
   OPTADDRESS   = {},
   OPTCHAPTER   = {},
   OPTCROSSREF  = {},
   EDITION      = {2nd},
   EDITOR       = {R.S.J. Frackowiak and K.J. Friston and C. Frith and 
      R. Dolan and K.J. Friston and C.J. Price and S. Zeki and J. Ashburner and 
      W.D. Penny},
   OPTMONTH     = {},
   OPTNOTE      = {},
   OPTNUMBER    = {},
   OPTPAGES     = {},
   OPTSERIES    = {},
   OPTTYPE      = {},
   OPTVOLUME    = {},
   KEYWORDS     = {introduction, RFT},
   PDF          = {/spm/doc/books/hbf2/pdfs/Ch14.pdf}
}

@INCOLLECTION{karl_hbf2_22,
   AUTHOR       = {K.J. Friston},
   BOOKTITLE    = {Human Brain Function},
   PUBLISHER    = {Academic Press},
   TITLE        = {Dynamic Causal Models},
   YEAR         = {2003},
   OPTADDRESS   = {},
   OPTCHAPTER   = {},
   OPTCROSSREF  = {},
   EDITION      = {2nd},
   EDITOR       = {R.S.J. Frackowiak and K.J. Friston and C. Frith and 
      R. Dolan and K.J. Friston and C.J. Price and S. Zeki and J. Ashburner and 
      W.D. Penny},
   OPTMONTH     = {},
   OPTNOTE      = {},
   OPTNUMBER    = {},
   OPTPAGES     = {},
   OPTSERIES    = {},
   OPTTYPE      = {},
   OPTVOLUME    = {},
   KEYWORDS     = {connectivity, dynamical, Bayesian, DCM},
   PDF          = {/spm/doc/books/hbf2/pdfs/Ch22.pdf}
}

@INCOLLECTION{karl_hbf2_19,
   AUTHOR       = {K.J. Friston},
   BOOKTITLE    = {Human Brain Function},
   PUBLISHER    = {Academic Press},
   TITLE        = {Functional connectivity},
   YEAR         = {2003},
   OPTADDRESS   = {},
   OPTCHAPTER   = {},
   OPTCROSSREF  = {},
   EDITION      = {2nd},
   EDITOR       = {R.S.J. Frackowiak and K.J. Friston and C. Frith and 
      R. Dolan and K.J. Friston and C.J. Price and S. Zeki and J. Ashburner and 
      W.D. Penny},
   OPTMONTH     = {},
   OPTNOTE      = {},
   OPTNUMBER    = {},
   OPTPAGES     = {},
   OPTSERIES    = {},
   OPTTYPE      = {},
   OPTVOLUME    = {},
   KEYWORDS     = {connectivity},
   PDF          = {/spm/doc/books/hbf2/pdfs/Ch19.pdf}
}

@INCOLLECTION{karl_hbf2_18,
   AUTHOR       = {K.J. Friston},
   BOOKTITLE    = {Human Brain Function},
   PUBLISHER    = {Academic Press},
   TITLE        = {Functional integration},
   YEAR         = {2003},
   OPTADDRESS   = {},
   OPTCHAPTER   = {},
   OPTCROSSREF  = {},
   EDITION      = {2nd},
   EDITOR       = {R.S.J. Frackowiak and K.J. Friston and C. Frith and 
      R. Dolan and K.J. Friston and C.J. Price and S. Zeki and J. Ashburner and 
      W.D. Penny},
   OPTMONTH     = {},
   OPTNOTE      = {},
   OPTNUMBER    = {},
   OPTPAGES     = {},
   OPTSERIES    = {},
   OPTTYPE      = {},
   OPTVOLUME    = {},
   KEYWORDS     = {connectivity},
   PDF          = {/spm/doc/books/hbf2/pdfs/Ch18.pdf}
}

@INCOLLECTION{karl_hbf2_intro,
   AUTHOR       = {K.J. Friston},
   BOOKTITLE    = {Human Brain Function},
   PUBLISHER    = {Academic Press},
   TITLE        = {Introduction: Experimental design and statistical 
      parametric mapping},
   YEAR         = {2003},
   OPTADDRESS   = {},
   OPTCHAPTER   = {},
   OPTCROSSREF  = {},
   EDITION      = {2nd},
   EDITOR       = {R.S.J. Frackowiak and K.J. Friston and C. Frith and 
      R. Dolan and K.J. Friston and C.J. Price and S. Zeki and J. Ashburner and 
      W.D. Penny},
   OPTMONTH     = {},
   OPTNOTE      = {},
   OPTNUMBER    = {},
   OPTPAGES     = {},
   OPTSERIES    = {},
   OPTTYPE      = {},
   OPTVOLUME    = {},
   KEYWORDS     = {GLM, introduction},
   PDF          = {/spm/doc/books/hbf2/pdfs/Ch1.pdf}
}

@INCOLLECTION{karl_hbf2_23,
   AUTHOR       = {K.J. Friston},
   BOOKTITLE    = {Human Brain Function},
   PUBLISHER    = {Academic Press},
   TITLE        = {Mathematical appendix},
   YEAR         = {2003},
   OPTADDRESS   = {},
   OPTCHAPTER   = {},
   OPTCROSSREF  = {},
   EDITION      = {2nd},
   EDITOR       = {R.S.J. Frackowiak and K.J. Friston and C. Frith and 
      R. Dolan and K.J. Friston and C.J. Price and S. Zeki and J. Ashburner and 
      W.D. Penny},
   OPTMONTH     = {},
   OPTNOTE      = {},
   OPTNUMBER    = {},
   OPTPAGES     = {},
   OPTSERIES    = {},
   OPTTYPE      = {},
   OPTVOLUME    = {},
   KEYWORDS     = {connectivity},
   PDF          = {/spm/doc/books/hbf2/pdfs/Ch23.pdf}
}

@INCOLLECTION{karl_hbf2_21,
   AUTHOR       = {K.J. Friston},
   BOOKTITLE    = {Human Brain Function},
   PUBLISHER    = {Academic Press},
   TITLE        = {Volterra kernels and connectivity},
   YEAR         = {2003},
   OPTADDRESS   = {},
   OPTCHAPTER   = {},
   OPTCROSSREF  = {},
   EDITION      = {2nd},
   EDITOR       = {R.S.J. Frackowiak and K.J. Friston and C. Frith and 
      R. Dolan and K.J. Friston and C.J. Price and S. Zeki and J. Ashburner and 
      W.D. Penny},
   OPTMONTH     = {},
   OPTNOTE      = {},
   OPTNUMBER    = {},
   OPTPAGES     = {},
   OPTSERIES    = {},
   OPTTYPE      = {},
   OPTVOLUME    = {},
   KEYWORDS     = {connectivity, volterra, nonlinear},
   PDF          = {/spm/doc/books/hbf2/pdfs/Ch21.pdf}
}

@INCOLLECTION{daniel_hbf2_hemo,
   AUTHOR       = {D.E. Glaser},
   BOOKTITLE    = {Human Brain Function},
   PUBLISHER    = {Academic Press},
   TITLE        = {Hemodynamic modelling},
   YEAR         = {2003},
   OPTADDRESS   = {},
   OPTCHAPTER   = {},
   OPTCROSSREF  = {},
   EDITION      = {2nd},
   EDITOR       = {R.S.J. Frackowiak and K.J. Friston and C. Frith and 
      R. Dolan and K.J. Friston and C.J. Price and S. Zeki and J. Ashburner and 
      W.D. Penny},
   OPTMONTH     = {},
   OPTNOTE      = {},
   OPTNUMBER    = {},
   OPTPAGES     = {},
   OPTSERIES    = {},
   OPTTYPE      = {},
   OPTVOLUME    = {},
   KEYWORDS     = {nonsphericity},
   PDF          = {/spm/doc/books/hbf2/pdfs/Ch11.pdf}
}

@INCOLLECTION{daniel_hbf2,
   AUTHOR       = {D.E. Glaser},
   BOOKTITLE    = {Human Brain Function},
   PUBLISHER    = {Academic Press},
   TITLE        = {Variance Components},
   YEAR         = {2003},
   OPTADDRESS   = {},
   OPTCHAPTER   = {},
   OPTCROSSREF  = {},
   EDITION      = {2nd},
   EDITOR       = {R.S.J. Frackowiak and K.J. Friston and C. Frith and 
      R. Dolan and K.J. Friston and C.J. Price and S. Zeki and J. Ashburner and 
      W.D. Penny},
   OPTMONTH     = {},
   OPTNOTE      = {},
   OPTNUMBER    = {},
   OPTPAGES     = {},
   OPTSERIES    = {},
   OPTTYPE      = {},
   OPTVOLUME    = {},
   KEYWORDS     = {nonsphericity},
   PDF          = {/spm/doc/books/hbf2/pdfs/Ch7.pdf}
}

@INCOLLECTION{lee_hbf2,
   AUTHOR       = {L. Harrison and K.J. Friston},
   BOOKTITLE    = {Human Brain Function},
   PUBLISHER    = {Academic Press},
   TITLE        = {Effective connectivity},
   YEAR         = {2003},
   OPTADDRESS   = {},
   OPTCHAPTER   = {},
   OPTCROSSREF  = {},
   EDITION      = {2nd},
   EDITOR       = {R.S.J. Frackowiak and K.J. Friston and C. Frith and 
      R. Dolan and K.J. Friston and C.J. Price and S. Zeki and J. Ashburner and 
      W.D. Penny},
   OPTMONTH     = {},
   OPTNOTE      = {},
   OPTNUMBER    = {},
   OPTPAGES     = {},
   OPTSERIES    = {},
   OPTTYPE      = {},
   OPTVOLUME    = {},
   KEYWORDS     = {connectivity},
   PDF          = {/spm/doc/books/hbf2/pdfs/Ch20.pdf}
}

@INCOLLECTION{rnah_conv,
   AUTHOR       = {R.N.A. Henson},
   BOOKTITLE    = {Human Brain Function},
   PUBLISHER    = {Academic Press},
   TITLE        = {Analysis of fMRI time series},
   YEAR         = {2003},
   OPTADDRESS   = {},
   OPTCHAPTER   = {},
   OPTCROSSREF  = {},
   EDITION      = {2nd},
   EDITOR       = {R.S.J. Frackowiak and K.J. Friston and C. Frith and 
      R. Dolan and K.J. Friston and C.J. Price and S. Zeki and J. Ashburner and 
      W.D. Penny},
   OPTMONTH     = {},
   OPTNOTE      = {},
   OPTNUMBER    = {},
   OPTPAGES     = {},
   OPTSERIES    = {},
   OPTTYPE      = {},
   OPTVOLUME    = {},
   KEYWORDS     = {GLM, introduction, contrasts},
   PDF          = {/spm/doc/books/hbf2/pdfs/Ch10.pdf}
}

@INCOLLECTION{stefan_hbf2,
   AUTHOR       = {S.J. Kiebel},
   BOOKTITLE    = {Human Brain Function},
   PUBLISHER    = {Academic Press},
   TITLE        = {The general linear model},
   YEAR         = {2003},
   OPTADDRESS   = {},
   OPTCHAPTER   = {},
   OPTCROSSREF  = {},
   EDITION      = {2nd},
   EDITOR       = {R.S.J. Frackowiak and K.J. Friston and C. Frith and 
      R. Dolan and K.J. Friston and C.J. Price and S. Zeki and J. Ashburner and 
      W.D. Penny},
   OPTMONTH     = {},
   OPTNOTE      = {},
   OPTNUMBER    = {},
   OPTPAGES     = {},
   OPTSERIES    = {},
   OPTTYPE      = {},
   OPTVOLUME    = {},
   KEYWORDS     = {introduction},
   PDF          = {/spm/doc/books/hbf2/pdfs/Ch7.pdf}
}

@INCOLLECTION{tom_hbf2,
   AUTHOR       = {T.E. Nichols and A.P. Holmes},
   BOOKTITLE    = {Human Brain Function},
   PUBLISHER    = {Academic Press},
   TITLE        = {Nonparametric approaches},
   YEAR         = {2003},
   OPTADDRESS   = {},
   OPTCHAPTER   = {},
   OPTCROSSREF  = {},
   EDITION      = {2nd},
   EDITOR       = {R.S.J. Frackowiak and K.J. Friston and C. Frith and 
      R. Dolan and K.J. Friston and C.J. Price and S. Zeki and J. Ashburner and 
      W.D. Penny},
   OPTMONTH     = {},
   OPTNOTE      = {},
   OPTNUMBER    = {},
   OPTPAGES     = {},
   OPTSERIES    = {},
   OPTTYPE      = {},
   OPTVOLUME    = {},
   KEYWORDS     = {nonparametric, RFT, group},
   PDF          = {/spm/doc/books/hbf2/pdfs/Ch16.pdf}
}

@INCOLLECTION{will_hbf2_bayes,
   AUTHOR       = {W.D. Penny and K.J. Friston},
   BOOKTITLE    = {Human Brain Function},
   PUBLISHER    = {Academic Press},
   TITLE        = {Classical and Bayesian inference},
   YEAR         = {2003},
   OPTADDRESS   = {},
   OPTCHAPTER   = {},
   OPTCROSSREF  = {},
   EDITION      = {2nd},
   EDITOR       = {R.S.J. Frackowiak and K.J. Friston and C. Frith and 
      R. Dolan and K.J. Friston and C.J. Price and S. Zeki and J. Ashburner and 
      W.D. Penny},
   OPTMONTH     = {},
   OPTNOTE      = {},
   OPTNUMBER    = {},
   OPTPAGES     = {},
   OPTSERIES    = {},
   OPTTYPE      = {},
   OPTVOLUME    = {},
   KEYWORDS     = {Bayesian, fMRI, hierarchical, nonsphericity, PPM, REML},
   PDF          = {/spm/doc/books/hbf2/pdfs/Ch17.pdf}
}

@INCOLLECTION{will_hbf2_hier,
   AUTHOR       = {W.D. Penny and A.P. Holmes and K.J. Friston},
   BOOKTITLE    = {Human Brain Function},
   PUBLISHER    = {Academic Press},
   TITLE        = {Hierarchical Models},
   YEAR         = {2003},
   OPTADDRESS   = {},
   OPTCHAPTER   = {},
   OPTCROSSREF  = {},
   EDITION      = {2nd},
   EDITOR       = {R.S.J. Frackowiak and K.J. Friston and C. Frith and 
      R. Dolan and K.J. Friston and C.J. Price and S. Zeki and J. Ashburner and 
      W.D. Penny},
   OPTMONTH     = {},
   OPTNOTE      = {},
   OPTNUMBER    = {},
   OPTPAGES     = {},
   OPTSERIES    = {},
   OPTTYPE      = {},
   OPTVOLUME    = {},
   KEYWORDS     = {Bayesian, GLM, group, introduction, RFX, hierarchical},
   PDF          = {/spm/doc/books/hbf2/pdfs/Ch13.pdf}
}

@INCOLLECTION{will_hbf2_rfx,
   AUTHOR       = {W.D. Penny and A.P. Holmes and K.J. Friston},
   BOOKTITLE    = {Human Brain Function},
   PUBLISHER    = {Academic Press},
   TITLE        = {Random effects analysis},
   YEAR         = {2003},
   OPTADDRESS   = {},
   OPTCHAPTER   = {},
   OPTCROSSREF  = {},
   EDITION      = {2nd},
   EDITOR       = {R.S.J. Frackowiak and K.J. Friston and C. Frith and 
      R. Dolan and K.J. Friston and C.J. Price and S. Zeki and J. Ashburner and 
      W.D. Penny},
   OPTMONTH     = {},
   OPTNOTE      = {},
   OPTNUMBER    = {},
   OPTPAGES     = {},
   OPTSERIES    = {},
   OPTTYPE      = {},
   OPTVOLUME    = {},
   KEYWORDS     = {RFX, group, introduction},
   PDF          = {/spm/doc/books/hbf2/pdfs/Ch12.pdf}
}

@INCOLLECTION{jb_hbf2,
   AUTHOR       = {J.B. Poline},
   BOOKTITLE    = {Human Brain Function},
   PUBLISHER    = {Academic Press},
   TITLE        = {Contrasts and classical inference},
   YEAR         = {2003},
   OPTADDRESS   = {},
   OPTCHAPTER   = {},
   OPTCROSSREF  = {},
   EDITION      = {2nd},
   EDITOR       = {R.S.J. Frackowiak and K.J. Friston and C. Frith and 
      R. Dolan and K.J. Friston and C.J. Price and S. Zeki and J. Ashburner and 
      W.D. Penny},
   OPTMONTH     = {},
   OPTNOTE      = {},
   OPTNUMBER    = {},
   OPTPAGES     = {},
   OPTSERIES    = {},
   OPTTYPE      = {},
   OPTVOLUME    = {},
   KEYWORDS     = {GLM, introduction, contrasts},
   PDF          = {/spm/doc/books/hbf2/pdfs/Ch8.pdf}
}

@INCOLLECTION{kjw_hbf2,
   AUTHOR       = {K.J. Worsley},
   BOOKTITLE    = {Human Brain Function},
   PUBLISHER    = {Academic Press},
   TITLE        = {Developments in random field theory},
   YEAR         = {2003},
   OPTADDRESS   = {},
   OPTCHAPTER   = {},
   OPTCROSSREF  = {},
   EDITION      = {2nd},
   EDITOR       = {R.S.J. Frackowiak and K.J. Friston and C. Frith and 
      R. Dolan and K.J. Friston and C.J. Price and S. Zeki and J. Ashburner and 
      W.D. Penny},
   OPTMONTH     = {},
   OPTNOTE      = {},
   OPTNUMBER    = {},
   OPTPAGES     = {},
   OPTSERIES    = {},
   OPTTYPE      = {},
   OPTVOLUME    = {},
   KEYWORDS     = {RFT},
   PDF          = {/spm/doc/books/hbf2/pdfs/Ch15.pdf}
}

@ARTICLE{david_03,
   AUTHOR       = {O. David and K.J. Friston},
   JOURNAL      = {NeuroImage},
   TITLE        = {A neural mass model for MEG/EEG: coupling and neuronal 
      dynamics},
   YEAR         = {2003},
   OPTMONTH     = {},
   OPTNOTE      = {},
   NUMBER       = {3},
   PAGES        = {1743--1755},
   VOLUME       = {20},
   KEYWORDS     = {nonlinear, dynamical, EEG},
   PDF          = {/spm/doc/papers/od_neural_mass.pdf},
   DOI          = {10.1016/j.neuroimage.2003.07.015}
}

@ARTICLE{dcm,
   AUTHOR       = {K.J. Friston and L. Harrison and W.D. Penny},
   JOURNAL      = {NeuroImage},
   TITLE        = {Dynamic Causal Modelling},
   YEAR         = {2003},
   OPTMONTH     = {},
   OPTNOTE      = {},
   NUMBER       = {4},
   PAGES        = {1273--1302},
   VOLUME       = {19},
   KEYWORDS     = {connectivity, fMRI, DCM},
   PDF          = {http://www.fil.ion.ucl.ac.uk/~wpenny/publications/dcm.pdf

}
}

@ARTICLE{karl_posterior,
   AUTHOR       = {K.J. Friston and W.D. Penny},
   JOURNAL      = {NeuroImage},
   TITLE        = {Posterior probability maps and SPMs},
   YEAR         = {2003},
   OPTMONTH     = {},
   OPTNOTE      = {},
   NUMBER       = {3},
   PAGES        = {1240-1249},
   VOLUME       = {19},
   KEYWORDS     = {Bayesian, hierarchical, PPM, EM},
   PDF          = {/spm/doc/papers/karl_posterior.pdf}
}

@ARTICLE{gitelman_03,
   AUTHOR       = {D.R. Gitelman and W.D. Penny and J. Ashburner and 
      K.J. Friston},
   JOURNAL      = {NeuroImage},
   TITLE        = {Modeling regional and psychophsyiologic interactions in 
      fMRI: the importance of hemodynamic deconvolution},
   YEAR         = {2003},
   OPTMONTH     = {},
   OPTNOTE      = {},
   OPTNUMBER    = {},
   PAGES        = {200--207},
   VOLUME       = {19},
   KEYWORDS     = {connectivity, fMRI, PPI},
   PDF          = {http://www.fil.ion.ucl.ac.uk/~wpenny/publications/ppi_revisited_final.pdf

}
}

@ARTICLE{harrison03,
   AUTHOR       = {L. Harrison and W.D. Penny and K.J. Friston},
   JOURNAL      = {NeuroImage},
   TITLE        = {Multivariate Autoregressive Modelling of fMRI time 
      series},
   YEAR         = {2003},
   OPTMONTH     = {},
   OPTNOTE      = {},
   NUMBER       = {4},
   PAGES        = {1477--1491},
   VOLUME       = {19},
   KEY          = {connectivity,fMRI},
   PDF          = {http://www.fil.ion.ucl.ac.uk/~wpenny/publications/mar_june_2003.pdf

}
}

@ARTICLE{tom_cluster,
   AUTHOR       = {S. Hayasaka and T.E. Nichols},
   JOURNAL      = {NeuroImage},
   TITLE        = {Validating cluster size inference: random field and 
      permutation methods},
   YEAR         = {2003},
   OPTMONTH     = {},
   OPTNOTE      = {},
   OPTNUMBER    = {},
   PAGES        = {2343-2356},
   VOLUME       = {20},
   KEYWORDS     = {Cluster, RFT, nonparametric},
   PDF          = {/spm/doc/papers/HayasakaNichols_StaClus.pdf}
}

@ARTICLE{rnah_mm,
   AUTHOR       = {R.N.A. Henson and Y. Goshen-Gottstein and T. Ganel and 
      L.J. Otten and A. Quayle and M.D. Rugg},
   JOURNAL      = {Cerebral Cortex},
   TITLE        = {Electrophysiological and hemodynamic correlates of face 
      perception, recognition and priming},
   YEAR         = {2003},
   OPTMONTH     = {},
   OPTNOTE      = {},
   OPTNUMBER    = {},
   PAGES        = {793-805},
   VOLUME       = {13},
   KEYWORDS     = {fMRI, EEG},
   PDF          = {/spm/doc/papers/cc-henson-2003.pdf}
}

@ARTICLE{sjk_heuristic,
   AUTHOR       = {S.J. Kiebel and D.E. Glaser and K.J. Friston},
   JOURNAL      = {NeuroImage},
   TITLE        = {A heuristic for the degrees of freedom of statistics 
      based on multiple variance parameters},
   YEAR         = {2003},
   OPTMONTH     = {},
   OPTNOTE      = {},
   NUMBER       = {1},
   PAGES        = {466-478},
   VOLUME       = {20},
   KEYWORDS     = {autocorrelation, nonsphericity},
   PDF          = {/spm/doc/papers/sjk_heuristic.pdf}
}

@ARTICLE{tom_diag,
   AUTHOR       = {W.L. Luo and T.E. Nichols},
   JOURNAL      = {NeuroImage},
   TITLE        = {Diagnosis and Exploration of Massively Univariate 
      Neuroimaging Models},
   YEAR         = {2003},
   OPTMONTH     = {},
   OPTNOTE      = {},
   OPTNUMBER    = {},
   PAGES        = {1014-1032},
   VOLUME       = {19},
   KEYWORDS     = {GLM},
   PDF          = {/spm/doc/papers/LuoNichols.pdf}
}

@ARTICLE{am_comparing,
   AUTHOR       = {A. Mechelli and R.N.A. Henson and C.J. Price and 
      K.J. Friston},
   JOURNAL      = {NeuroImage},
   TITLE        = {Comparing event-related and epoch analysis in blocked 
      design fMRI},
   YEAR         = {2003},
   OPTMONTH     = {},
   OPTNOTE      = {},
   NUMBER       = {3},
   PAGES        = {806-810},
   VOLUME       = {18},
   KEYWORDS     = {design, event-related, fMRI},
   PDF          = {/spm/doc/papers/am_efficiency.pdf}
}

@ARTICLE{am_efficiency,
   AUTHOR       = {A. Mechelli and C.J. Price and R.N.A. Henson and 
      K.J. Friston},
   JOURNAL      = {NeuroImage},
   TITLE        = {Estimating efficiency a priori: a comparison of blocked 
      and randomized designs},
   YEAR         = {2003},
   OPTMONTH     = {},
   OPTNOTE      = {},
   NUMBER       = {3},
   PAGES        = {798-805},
   VOLUME       = {18},
   KEYWORDS     = {design, event-related, fMRI},
   PDF          = {/spm/doc/papers/am_efficiency.pdf}
}

@ARTICLE{tom_fwe,
   AUTHOR       = {T.E. Nichols and S. Hayasaka},
   JOURNAL      = {Statistical Methods in Medical Research},
   TITLE        = {Controlling the Familywise Error Rate in Functional 
      Neuroimaging: A Comparative Review},
   YEAR         = {2003},
   OPTMONTH     = {},
   OPTNOTE      = {},
   OPTNUMBER    = {},
   PAGES        = {419-446},
   VOLUME       = {12},
   KEYWORDS     = {RFT, nonparametric},
   PDF          = {/spm/doc/papers/NicholsHayasaka.pdf}
}

@ARTICLE{penny_mix_glm,
   AUTHOR       = {W.D. Penny and K.J. Friston},
   JOURNAL      = {IEEE Transactions on Medical Imaging},
   TITLE        = {Mixtures of General Linear Models for Functional 
      Neuroimaging},
   YEAR         = {2003},
   OPTMONTH     = {},
   OPTNOTE      = {},
   NUMBER       = {4},
   PAGES        = {504--514},
   VOLUME       = {22},
   KEYWORDS     = {Mixture, GLM, Bayesian, fMRI, spatial, EM},
   PS           = {http://www.fil.ion.ucl.ac.uk/~wpenny/publications/iee_final.ps

}
}

@ARTICLE{vb_fmri_ar,
   AUTHOR       = {W.D. Penny and S.J. Kiebel and K.J. Friston},
   JOURNAL      = {NeuroImage},
   TITLE        = {Variational Bayesian Inference for fMRI time series},
   YEAR         = {2003},
   OPTMONTH     = {},
   OPTNOTE      = {},
   NUMBER       = {3},
   PAGES        = {727--741},
   VOLUME       = {19},
   KEYWORDS     = {autocorrelation, Bayesian, fMRI, PPM},
   PDF          = {http://www.fil.ion.ucl.ac.uk/~wpenny/publications/glmar.pdf

}
}

@ARTICLE{tom_optimal,
   AUTHOR       = {T.D. Wager and T.E. Nichols},
   JOURNAL      = {NeuroImage},
   TITLE        = {Optimization of Experimental Design in fMRI: A General 
      Framework Using a Genetic Algorithm},
   YEAR         = {2003},
   OPTMONTH     = {},
   OPTNOTE      = {},
   OPTNUMBER    = {},
   PAGES        = {293-209},
   VOLUME       = {18},
   KEYWORDS     = {design},
   PDF          = {/spm/doc/papers/WagerNichols.pdf}
}

@ARTICLE{hdm,
   AUTHOR       = {K.J. Friston},
   JOURNAL      = {NeuroImage},
   TITLE        = {Bayesian Estimation of Dynamical Systems: An Application 
      to fMRI},
   YEAR         = {2002},
   OPTMONTH     = {},
   OPTNOTE      = {},
   OPTNUMBER    = {},
   PAGES        = {513--530},
   VOLUME       = {16},
   KEYWORDS     = {dynamical, Bayesian, fMRI},
   PDF          = {/spm/doc/papers/karl_bayes_dyn.pdf}
}

@ARTICLE{peb2,
   AUTHOR       = {K.J. Friston and D.E. Glaser and R.N.A. Henson and 
      S.J. Kiebel and C. Phillips and J. Ashburner},
   JOURNAL      = {NeuroImage},
   TITLE        = {Classical and Bayesian Inference in Neuroimaging: 
      Applications},
   YEAR         = {2002},
   OPTMONTH     = {},
   OPTNOTE      = {},
   OPTNUMBER    = {},
   PAGES        = {484--512},
   VOLUME       = {16},
   KEYWORDS     = {Bayesian, fMRI, PPM},
   PDF          = {/spm/doc/papers/karl_peb_app.pdf}
}

@ARTICLE{peb1,
   AUTHOR       = {K.J. Friston and W.D. Penny and C. Phillips and 
      S.J. Kiebel and G. Hinton and J. Ashburner},
   JOURNAL      = {NeuroImage},
   TITLE        = {Classical and Bayesian Inference in Neuroimaging: Theory},
   YEAR         = {2002},
   OPTMONTH     = {},
   OPTNOTE      = {},
   OPTNUMBER    = {},
   PAGES        = {465--483},
   VOLUME       = {16},
   KEYWORDS     = {Bayesian, PPM, EM, REML},
   PDF          = {http://www.fil.ion.ucl.ac.uk/~wpenny/publications/bayes1.pdf

}
}

@ARTICLE{tom_FDR,
   AUTHOR       = {C.R. Genovese and N. Lazar and T.E. Nichols},
   JOURNAL      = {NeuroImage},
   TITLE        = {Thresholding of Statistical Maps in Functional 
      Neuroimaging Using the False Discovery Rate},
   YEAR         = {2002},
   OPTMONTH     = {},
   OPTNOTE      = {},
   OPTNUMBER    = {},
   PAGES        = {870-878},
   OPTVOLUME    = {},
   KEYWORDS     = {FDR},
   PDF          = {/spm/doc/papers/GLN.pdf}
}

@ARTICLE{rnah_latency,
   AUTHOR       = {R.N.A. Henson and C.J. Price and andR. Turner, M.D. Rugg and 
      K.J. Friston},
   JOURNAL      = {NeuroImage},
   TITLE        = {Detecting latency differences in event-related BOLD 
      responses: application to words versus non-words and and initial 
      versus repeated face presentations},
   YEAR         = {2002},
   OPTMONTH     = {},
   OPTNOTE      = {},
   NUMBER       = {1},
   PAGES        = {83-97},
   VOLUME       = {15},
   KEYWORDS     = {fMRI, event-related},
   PDF          = {/spm/doc/papers/rnah_latency.pdf}
}

@ARTICLE{sjk_aibf_multi,
   AUTHOR       = {S.J. Kiebel and K.J. Friston},
   JOURNAL      = {Human Brain Mapping},
   TITLE        = {Anatomically informed basis functions in multisubject 
      studies},
   YEAR         = {2002},
   OPTMONTH     = {},
   OPTNOTE      = {},
   NUMBER       = {1},
   PAGES        = {36-46},
   VOLUME       = {16},
   KEYWORDS     = {smoothness, spatial, group},
   PDF          = {/spm/doc/papers/sjk_aibf_multi.pdf}
}

@ARTICLE{am_sem,
   AUTHOR       = {A. Mechelli and W.D. Penny and C.J. Price and 
      D.R. Gitelman and K.J. Friston},
   JOURNAL      = {NeuroImage},
   TITLE        = {Effective connectivity and intersubject variability: 
      using a multisubject network to test differences and commonalities},
   YEAR         = {2002},
   OPTMONTH     = {},
   OPTNOTE      = {},
   NUMBER       = {3},
   PAGES        = {1459-1469},
   VOLUME       = {17},
   KEYWORDS     = {connectivity, group},
   PDF          = {/spm/doc/papers/am_sem.pdf}
}

@ARTICLE{tom_nonpar,
   AUTHOR       = {T.E. Nichols and A.P. Holmes},
   JOURNAL      = {Human Brain Mapping},
   TITLE        = {Nonparametric Permutation Tests for Functional 
      Neuroimaging: A Primer with Examples},
   YEAR         = {2002},
   OPTMONTH     = {},
   OPTNOTE      = {},
   OPTNUMBER    = {},
   PAGES        = {1-25},
   VOLUME       = {15},
   KEYWORDS     = {nonparametric},
   PDF          = {/spm/doc/papers/NicholsHolmes.pdf}
}

@ARTICLE{tom_PET,
   AUTHOR       = {T.E. Nichols and J. Qi and A. Asma and R.L. Leahy},
   JOURNAL      = {IEEE Transactions on Medical Imaging},
   TITLE        = {Spatiotemporal Reconstruction of List Mode PET Data},
   YEAR         = {2002},
   OPTMONTH     = {},
   OPTNOTE      = {},
   OPTNUMBER    = {},
   PAGES        = {396-404},
   VOLUME       = {21},
   KEYWORDS     = {PET},
   PDF          = {/spm/doc/papers/NicholsQiAsmaLeahy.pdf}
}

@ARTICLE{phillips_aibf,
   AUTHOR       = {C. Phillips and M.D. Rugg and K.J. Friston},
   JOURNAL      = {NeuroImage},
   TITLE        = {Anatomically Informed Basis Functions for EEG Source 
      Localisation: Combining Functional and Anatomical Constraints},
   YEAR         = {2002},
   OPTMONTH     = {},
   OPTNOTE      = {},
   NUMBER       = {3},
   PAGES        = {678--695},
   VOLUME       = {16},
   KEYWORDS     = {spatial, MRI, EEG},
   PDF          = {/spm/doc/papers/cp_aibf.pdf}
}

@ARTICLE{phillips_peb,
   AUTHOR       = {C. Phillips and M.D. Rugg and K.J. Friston},
   JOURNAL      = {NeuroImage},
   TITLE        = {Systematic Regularization of Linear Inverse Solutions of 
      the EEG Source Localisation Problem},
   YEAR         = {2002},
   OPTMONTH     = {},
   OPTNOTE      = {},
   NUMBER       = {1},
   PAGES        = {287--301},
   VOLUME       = {17},
   KEYWORDS     = {EEG, spatial},
   PDF          = {/spm/doc/papers/cp_reg.pdf}
}

@ARTICLE{salmond_precision,
   AUTHOR       = {C.H. Salmond and J. Ashburner and F. Vargha-Khadem and 
      A. Connelly and andK.J. Friston, D. G. Gadian},
   JOURNAL      = {NeuroImage},
   TITLE        = {The precision of anatomical normalisation in the medial 
      temporal lobe using spatial basis functions},
   YEAR         = {2002},
   OPTMONTH     = {},
   OPTNOTE      = {},
   NUMBER       = {1},
   PAGES        = {507-512},
   VOLUME       = {17},
   KEYWORDS     = {spatial},
   PDF          = {/spm/doc/papers/salmond_precision.pdf}
}

@ARTICLE{salmond_dist,
   AUTHOR       = {C.H. Salmond and J. Ashburner and F. Vargha-Khadem and 
      A. Connelly and andK.J. Friston, D. G. Gadian},
   JOURNAL      = {NeuroImage},
   TITLE        = {The precision of anatomical normalisation in the medial 
      temporal lobe using spatial basis functions},
   YEAR         = {2002},
   OPTMONTH     = {},
   OPTNOTE      = {},
   NUMBER       = {1},
   PAGES        = {507-512},
   VOLUME       = {17},
   KEYWORDS     = {spatial},
   PDF          = {/spm/doc/papers/salmond_dist.pdf}
}

@ARTICLE{velt_sampling,
   AUTHOR       = {D. Veltman and A. Mechelli and K.J. Friston and 
      C.J. Price},
   JOURNAL      = {NeuroImage},
   TITLE        = {The importance of distributed sampling in blocked 
      functional magnetic resonance imaging designs},
   YEAR         = {2002},
   OPTMONTH     = {},
   OPTNOTE      = {},
   NUMBER       = {3},
   PAGES        = {1203-1206},
   VOLUME       = {17},
   KEYWORDS     = {design, event-related, fMRI},
   PDF          = {/spm/doc/papers/velt_sampling.pdf}
}

@ARTICLE{ja_global,
   AUTHOR       = {J. Andersson and J. Ashburner and K.J. Friston},
   JOURNAL      = {NeuroImage},
   TITLE        = {A global estimator unbiased by local changes},
   YEAR         = {2001},
   OPTMONTH     = {},
   OPTNOTE      = {},
   NUMBER       = {6},
   PAGES        = {1193-1206},
   VOLUME       = {13},
   KEYWORDS     = {spatial},
   PDF          = {/spm/doc/papers/ja_global.pdf}
}

@ARTICLE{ja_geometric,
   AUTHOR       = {J. Andersson and C. Hutton and J. Ashburner and 
      R. Turner and K.J. Friston},
   JOURNAL      = {NeuroImage},
   TITLE        = {Modelling geometric deformations in EPI time series},
   YEAR         = {2001},
   OPTMONTH     = {},
   OPTNOTE      = {},
   NUMBER       = {5},
   PAGES        = {903-919},
   VOLUME       = {13},
   KEYWORDS     = {spatial},
   PDF          = {/spm/doc/papers/ja_geometric.pdf}
}

@ARTICLE{john_should,
   AUTHOR       = {J. Ashburner and K.J. Friston},
   JOURNAL      = {NeuroImage},
   TITLE        = {Why voxel-based morphometry should be used},
   YEAR         = {2001},
   OPTMONTH     = {},
   OPTNOTE      = {},
   NUMBER       = {6},
   PAGES        = {1238-1243},
   VOLUME       = {14},
   KEYWORDS     = {vbm, spatial},
   PDF          = {/spm/doc/papers/john_should.pdf}
}

@ARTICLE{rnah_basis,
   AUTHOR       = {R.N.A. Henson and M.D. Rugg and K.J. Friston},
   JOURNAL      = {NeuroImage},
   TITLE        = {The choice of basis functions in event-related fMRI},
   YEAR         = {2001},
   MONTH        = {June},
   NOTE         = {Supplement 1},
   NUMBER       = {6},
   PAGES        = {127},
   VOLUME       = {13},
   KEYWORDS     = {event-related},
   PDF          = {/spm/doc/papers/rnah_choice.pdf}
}

@ARTICLE{am_coupling,
   AUTHOR       = {A. Mechelli and C.J. Price and K.J. Friston},
   JOURNAL      = {NeuroImage},
   TITLE        = {Non Linear Coupling Between Evoked rCBF and BOLD 
      Signals: A Simulation Study of Hemodynamic Responses},
   YEAR         = {2001},
   OPTMONTH     = {},
   OPTNOTE      = {},
   NUMBER       = {4},
   PAGES        = {862-872},
   VOLUME       = {14},
   KEYWORDS     = {volterra, nonlinear, simulation},
   PDF          = {/spm/doc/papers/am_coupling.pdf}
}

@INCOLLECTION{experimental,
   AUTHOR       = {K.J. Friston},
   BOOKTITLE    = {Brain Mapping: The Disorders},
   PUBLISHER    = {Academic Press},
   TITLE        = {Experimental Design and Statistical Issues},
   YEAR         = {2000},
   OPTADDRESS   = {},
   OPTCHAPTER   = {},
   OPTCROSSREF  = {},
   OPTEDITION   = {},
   OPTEDITOR    = {},
   OPTMONTH     = {},
   OPTNOTE      = {},
   OPTNUMBER    = {},
   PAGES        = {33-58},
   OPTSERIES    = {},
   OPTTYPE      = {},
   OPTVOLUME    = {},
   KEYWORDS     = {design, GLM}
}

@ARTICLE{ashburner00a,
   AUTHOR       = {J. Ashburner and J. Andersson and K.J. Friston},
   JOURNAL      = {Human Brain Mapping},
   TITLE        = {Image Registration using a Symmetric Prior - in 
      Three-Dimensions},
   YEAR         = {2000},
   OPTMONTH     = {},
   OPTNOTE      = {},
   NUMBER       = {4},
   PAGES        = {212--225},
   VOLUME       = {9},
   KEYWORDS     = {spatial, Bayesian, registration, MRI}
}

@ARTICLE{ashburner00b,
   AUTHOR       = {J. Ashburner and K.J. Friston},
   JOURNAL      = {NeuroImage},
   TITLE        = {Voxel-Based Morphometry -- The Methods},
   YEAR         = {2000},
   OPTMONTH     = {},
   OPTNOTE      = {},
   OPTNUMBER    = {},
   PAGES        = {805--821},
   VOLUME       = {11},
   KEYWORDS     = {spatial, vbm, MRI},
   PDF          = {/spm/doc/papers/john_vbm_methods.pdf}
}

@ARTICLE{buchel2000,
   AUTHOR       = {C. Buchel and K.J. Friston},
   JOURNAL      = {Neural Networks},
   TITLE        = {Assessing interactions among neuronal systems using 
      functional neuroimaging},
   YEAR         = {2000},
   OPTMONTH     = {},
   OPTNOTE      = {},
   OPTNUMBER    = {},
   PAGES        = {871--882},
   VOLUME       = {13},
   KEYWORDS     = {connectivity, introduction},
   PDF          = {/spm/doc/papers/buchel_interactions.pdf}
}

@ARTICLE{attention_effcon,
   AUTHOR       = {K.J. Friston and C. Buchel},
   JOURNAL      = {Proc. Natl. Acad. Sci. USA},
   TITLE        = {Attentional modulation of effective connectivity from V2 
      to V5/MT in humans},
   YEAR         = {2000},
   OPTMONTH     = {},
   OPTNOTE      = {},
   NUMBER       = {13},
   PAGES        = {7591--7596},
   VOLUME       = {97},
   KEYWORDS     = {connectivity, fMRI},
   PDF          = {/spm/doc/papers/karl_att_mod.pdf}
}

@ARTICLE{friston00,
   AUTHOR       = {K.J. Friston and O. Josephs and E. Zarahn and 
      A.P. Holmes and S. Rouquette and J.B. Poline},
   JOURNAL      = {NeuroImage},
   TITLE        = {To Smooth or Not to Smooth? Bias and Efficiency in fMRI 
      Time-Series Analysis},
   YEAR         = {2000},
   OPTMONTH     = {},
   OPTNOTE      = {},
   OPTNUMBER    = {},
   PAGES        = {196--208},
   VOLUME       = {12},
   KEYWORDS     = {fMRI, autocorrelation, nonsphericity},
   PDF          = {/spm/doc/papers/karl_to_smooth.pdf}
}

@ARTICLE{balloon,
   AUTHOR       = {K.J. Friston and A. Mechelli and R. Turner and 
      C.J. Price},
   JOURNAL      = {NeuroImage},
   TITLE        = {Nonlinear responses in fMRI: The Balloon model, Volterra 
      kernels and other hemodynamics},
   YEAR         = {2000},
   OPTMONTH     = {},
   OPTNOTE      = {},
   OPTNUMBER    = {},
   PAGES        = {466--477},
   VOLUME       = {12},
   KEYWORDS     = {nonlinear, fMRI, dynamical},
   PDF          = {/spm/doc/papers/karl_nonlinear.pdf}
}

@ARTICLE{npca1,
   AUTHOR       = {K.J. Friston and J. Phillips and D. Chawla and C. Buchel},
   JOURNAL      = {Phil. Trans. R. Soc. London B},
   TITLE        = {Nonlinear PCA: Characterizing interactions between modes 
      of brain activity},
   YEAR         = {2000},
   OPTMONTH     = {},
   OPTNOTE      = {},
   OPTNUMBER    = {},
   PAGES        = {135--146},
   VOLUME       = {355},
   KEYWORDS     = {connectivity}
}

@ARTICLE{hopfinger,
   AUTHOR       = {J.B. Hopfinger and C. Buchel and A.P. Holmes and 
      K.J. Friston},
   JOURNAL      = {NeuroImage},
   TITLE        = {A study of analysis parameters that influence the 
      sensitivity of event-related fMRI analyses},
   YEAR         = {2000},
   OPTMONTH     = {},
   OPTNOTE      = {},
   OPTNUMBER    = {},
   PAGES        = {326--333},
   VOLUME       = {11},
   KEYWORDS     = {event-related, fMRI}
}

@ARTICLE{horwitz2000,
   AUTHOR       = {B. Horwitz and K.J. Friston and J.G. Taylor},
   JOURNAL      = {Neural Networks},
   TITLE        = {Neural Modeling and Functional Brain Imaging: An 
      Overview},
   YEAR         = {2000},
   OPTMONTH     = {},
   OPTNOTE      = {},
   OPTNUMBER    = {},
   PAGES        = {829--846},
   VOLUME       = {13},
   KEYWORDS     = {connectivity},
   PDF          = {/spm/doc/papers/horwitz_overview.pdf}
}

@ARTICLE{kiebel00,
   AUTHOR       = {S.J. Kiebel and R. Goebel and K.J. Friston},
   JOURNAL      = {NeuroImage},
   TITLE        = {Anatomically Informed Basis Functions},
   YEAR         = {2000},
   OPTMONTH     = {},
   OPTNOTE      = {},
   NUMBER       = {6},
   PAGES        = {656--667},
   VOLUME       = {11},
   KEYWORDS     = {fMRI, MRI, spatial},
   PDF          = {/spm/doc/papers/sjk_aibf.pdf}
}

@ARTICLE{mcgonigle_session,
   AUTHOR       = {D. McGonigle and A. Howseman and 
      andK.J. Friston, B.S. Athwal and R.S.J. Frackowiak and A.P. Holmes},
   JOURNAL      = {NeuroImage},
   TITLE        = {Variability in fMRI: an examination of intersession 
      differences},
   YEAR         = {2000},
   OPTMONTH     = {},
   OPTNOTE      = {},
   NUMBER       = {6},
   PAGES        = {708-734},
   VOLUME       = {11},
   KEYWORDS     = {RFX, group},
   PDF          = {/spm/doc/papers/mcgonigle_session.pdf}
}

@ARTICLE{test_conj,
   AUTHOR       = {K.J. Worsley and K.J. Friston},
   JOURNAL      = {Statistics and Probability Letters},
   TITLE        = {A test for a conjunction},
   YEAR         = {2000},
   OPTMONTH     = {},
   OPTNOTE      = {},
   OPTNUMBER    = {},
   PAGES        = {135--140},
   VOLUME       = {47},
   KEYWORDS     = {conjunction, RFT},
   PDF          = {/spm/doc/papers/kjw_conjunction.pdf}
}

@INCOLLECTION{ashburner99bw,
   AUTHOR       = {J. Ashburner and K.J. Friston},
   BOOKTITLE    = {Brain Warping},
   PUBLISHER    = {Academic Press},
   TITLE        = {Spatial Normalization},
   YEAR         = {1999},
   OPTADDRESS   = {},
   OPTCHAPTER   = {},
   OPTCROSSREF  = {},
   OPTEDITION   = {},
   EDITOR       = {A.W. Toga},
   OPTMONTH     = {},
   OPTNOTE      = {},
   OPTNUMBER    = {},
   PAGES        = {27--44},
   OPTSERIES    = {},
   OPTTYPE      = {},
   OPTVOLUME    = {},
   KEYWORDS     = {spatial, normalisation, MRI}
}

@ARTICLE{ashburner99b,
   AUTHOR       = {J. Ashburner and J. Andersson and K.J. Friston},
   JOURNAL      = {NeuroImage},
   TITLE        = {High-Dimensional Nonlinear Image Registration using 
      Symmetric Priors},
   YEAR         = {1999},
   OPTMONTH     = {},
   OPTNOTE      = {},
   OPTNUMBER    = {},
   PAGES        = {619--628},
   VOLUME       = {9},
   KEYWORDS     = {spatial, nonlinear, Bayesian, registration, MRI},
   PDF          = {/spm/doc/papers/john_high_dim.pdf}
}

@ARTICLE{ashburner99a,
   AUTHOR       = {J. Ashburner and K.J. Friston},
   JOURNAL      = {Human Brain Mapping},
   TITLE        = {Nonlinear Spatial Normalization using Basis Functions},
   YEAR         = {1999},
   OPTMONTH     = {},
   OPTNOTE      = {},
   NUMBER       = {4},
   PAGES        = {254--266},
   VOLUME       = {7},
   KEYWORDS     = {spatial, nonlinear, normalisation, MRI},
   PDF          = {/spm/doc/papers/john_nonlinear.pdf}
}

@ARTICLE{learning_effcon,
   AUTHOR       = {C. Buchel and J.T. Coull and K.J. Friston},
   JOURNAL      = {Science},
   TITLE        = {The predictive value of changes in effective 
      connectivity for human learning},
   YEAR         = {1999},
   OPTMONTH     = {},
   OPTNOTE      = {},
   OPTNUMBER    = {},
   PAGES        = {1538--1541},
   OPTVOLUME    = {},
   KEYWORDS     = {connectivity, fMRI},
   PDF          = {/spm/doc/papers/cb_predictive.pdf}
}

@ARTICLE{multi_conj,
   AUTHOR       = {K.J. Friston and A.P. Holmes and C.J. Price and 
      C. Buchel and K.J. Worsley},
   JOURNAL      = {NeuroImage},
   TITLE        = {Multisubject fMRI Studies and Conjunction Analyses},
   YEAR         = {1999},
   OPTMONTH     = {},
   OPTNOTE      = {},
   OPTNUMBER    = {},
   PAGES        = {385--396},
   VOLUME       = {10},
   KEYWORDS     = {group, conjunction, fMRI},
   PDF          = {/spm/doc/papers/karl_multisubject.pdf}
}

@ARTICLE{constitute,
   AUTHOR       = {K.J. Friston and A.P. Holmes and K.J. Worsley},
   JOURNAL      = {NeuroImage},
   TITLE        = {How Many subjects constitute a study ?},
   YEAR         = {1999},
   OPTMONTH     = {},
   OPTNOTE      = {},
   OPTNUMBER    = {},
   PAGES        = {1--5},
   VOLUME       = {10},
   KEYWORDS     = {group, design},
   PDF          = {/spm/doc/papers/karl_how_many.pdf}
}

@ARTICLE{karl_nonlinear_pca,
   AUTHOR       = {K.J. Friston and J. Phillips and andC. Buchel, D. Chawla},
   JOURNAL      = {Human Brain Mapping},
   TITLE        = {Revealing interactions among brain systems with 
      nonlinear PCA},
   YEAR         = {1999},
   OPTMONTH     = {},
   OPTNOTE      = {},
   NUMBER       = {3},
   PAGES        = {92-97},
   VOLUME       = {8},
   KEYWORDS     = {connectivity, nonlinear},
   PDF          = {/spm/doc/papers/karl_nonlinear_pca.pdf}
}

@ARTICLE{event2,
   AUTHOR       = {K.J. Friston and E. Zarahn and O. Josephs and 
      R.N.A. Henson and A.M. Dale},
   JOURNAL      = {NeuroImage},
   TITLE        = {Stochastic designs in event-related fMRI},
   YEAR         = {1999},
   OPTMONTH     = {},
   OPTNOTE      = {},
   OPTNUMBER    = {},
   PAGES        = {607--619},
   VOLUME       = {10},
   KEYWORDS     = {event-related, fMRI, design},
   PDF          = {/spm/doc/papers/karl_stochastic.pdf}
}

@ARTICLE{event_royal,
   AUTHOR       = {O. Josephs and R.N.A. Henson},
   JOURNAL      = {Phil. Trans. R. Soc. London B},
   TITLE        = {Event-related functional magnetic resonance imaging: 
      modelling, inference and optimization},
   YEAR         = {1999},
   OPTMONTH     = {},
   OPTNOTE      = {},
   OPTNUMBER    = {},
   PAGES        = {1215--1228},
   VOLUME       = {354},
   KEYWORDS     = {event-related, fMRI, design}
}

@ARTICLE{kiebel99,
   AUTHOR       = {S.J. Kiebel and J.B. Poline and K.J. Friston and 
      A.P. Holmes and K.J. Worsley},
   JOURNAL      = {NeuroImage},
   TITLE        = {Robust Smoothness Estimation in Statistical Parametric 
      Maps Using Standardized Residuals from the General Linear Model},
   YEAR         = {1999},
   OPTMONTH     = {},
   OPTNOTE      = {},
   OPTNUMBER    = {},
   PAGES        = {756--766},
   VOLUME       = {10},
   KEYWORDS     = {smoothness, RFT, GLM},
   PDF          = {/spm/doc/papers/sjk_robust.pdf}
}

@ARTICLE{tom_limits1,
   AUTHOR       = {K.M. Petersson and T.E. Nichols and J.B. Poline and 
      A.P. Holmes},
   JOURNAL      = {Phil. Trans. R. Soc. London B},
   TITLE        = {Statistical limitations in functional neuroimaging I. 
      Non-inferential methods and statistical models},
   YEAR         = {1999},
   OPTMONTH     = {},
   OPTNOTE      = {},
   OPTNUMBER    = {},
   PAGES        = {1239-1260},
   VOLUME       = {354},
   KEYWORDS     = {introduction},
   PDF          = {/spm/doc/papers/Petersson_SL1.pdf}
}

@ARTICLE{tom_limits2,
   AUTHOR       = {K.M. Petersson and T.E. Nichols and J.B. Poline and 
      A.P. Holmes},
   JOURNAL      = {Phil. Trans. R. Soc. London B},
   TITLE        = {Statistical limitations in functional neuroimaging II. 
      Signal detection and statistical inference},
   YEAR         = {1999},
   OPTMONTH     = {},
   OPTNOTE      = {},
   OPTNUMBER    = {},
   PAGES        = {1261-1281},
   VOLUME       = {354},
   KEYWORDS     = {introduction},
   PDF          = {/spm/doc/papers/Petersson_SL2.pdf}
}

@ARTICLE{event_rfx,
   AUTHOR       = {B. A. Strange and C.M. Portas and R. Dolan and 
      A.P. Holmes and K.J. Friston},
   JOURNAL      = {NeuroImage},
   TITLE        = {Random effects analyses for event-related fMRI},
   YEAR         = {1999},
   OPTMONTH     = {},
   OPTNOTE      = {},
   OPTNUMBER    = {},
   PAGES        = {36},
   VOLUME       = {9},
   KEYWORDS     = {RFX, event-related, fMRI}
}

@INCOLLECTION{designing,
   AUTHOR       = {K.J. Friston and C.J. Price and C. Buchel},
   BOOKTITLE    = {Positron Emission Tomography: A Critical Assessment of Recent Trends},
   PUBLISHER    = {Kluwer Academic},
   TITLE        = {Designing Activation Experiments.},
   YEAR         = {1998},
   OPTADDRESS   = {},
   OPTCHAPTER   = {},
   OPTCROSSREF  = {},
   OPTEDITION   = {},
   EDITOR       = {B. Gulyas and H.W. Miller-Gartner},
   OPTMONTH     = {},
   OPTNOTE      = {},
   OPTNUMBER    = {},
   OPTPAGES     = {},
   OPTSERIES    = {},
   OPTTYPE      = {},
   OPTVOLUME    = {},
   KEYWORDS     = {design, introduction}
}

@ARTICLE{ashburner98e,
   AUTHOR       = {J. Ashburner and K.J. Friston},
   JOURNAL      = {NeuroImage},
   TITLE        = {High-Dimensional Nonlinear Image Registration},
   YEAR         = {1998},
   OPTMONTH     = {},
   OPTNOTE      = {},
   NUMBER       = {4},
   PAGES        = {S737},
   VOLUME       = {7},
   KEYWORDS     = {spatial, registration, MRI}
}

@ARTICLE{ashburner98c,
   AUTHOR       = {J. Ashburner and K.J. Friston},
   JOURNAL      = {NeuroImage},
   TITLE        = {MRI Sensitivity Correction and Tissue Classification},
   YEAR         = {1998},
   OPTMONTH     = {},
   OPTNOTE      = {},
   NUMBER       = {4},
   PAGES        = {S107},
   VOLUME       = {7},
   KEYWORDS     = {spatial, MRI}
}

@ARTICLE{ashburner98b,
   AUTHOR       = {J. Ashburner and C. Hutton and R.S.J. Frackowiak and 
      I. Johnsrude and C.J. Price and K.J. Friston},
   JOURNAL      = {Human Brain Mapping},
   TITLE        = {Identifying Global Anatomical Differences: 
      Deformation-Based Morphometry},
   YEAR         = {1998},
   OPTMONTH     = {},
   OPTNOTE      = {},
   NUMBER       = {5},
   PAGES        = {348--357},
   VOLUME       = {6},
   KEYWORDS     = {spatial, normalisation, MRI},
   PDF          = {/spm/doc/papers/john_deformation.pdf}
}

@ARTICLE{kalman_effcon,
   AUTHOR       = {C. Buchel and K.J. Friston},
   JOURNAL      = {Human Brain Mapping},
   TITLE        = {Dynamic Changes in Effective Connectivity Characterized 
      by Variable Parameter Regression and Kalman Filtering},
   YEAR         = {1998},
   OPTMONTH     = {},
   OPTNOTE      = {},
   NUMBER       = {5},
   PAGES        = {403--408},
   VOLUME       = {6},
   KEYWORDS     = {connectivity, fMRI},
   PDF          = {/spm/doc/papers/cb_kalman.pdf}
}

@ARTICLE{parametric_fmri,
   AUTHOR       = {C. Buchel and A.P. Holmes and G. Rees and K.J. Friston},
   JOURNAL      = {NeuroImage},
   TITLE        = {Characterizing stimulus-response functions using 
      nonlinear regressors in parametric fMRI experiments},
   YEAR         = {1998},
   OPTMONTH     = {},
   OPTNOTE      = {},
   OPTNUMBER    = {},
   PAGES        = {140--148},
   VOLUME       = {8},
   KEYWORDS     = {nonlinear, parametric, fMRI},
   PDF          = {/spm/doc/papers/cb_characterizing.pdf}
}

@ARTICLE{principles,
   AUTHOR       = {K.J. Friston},
   JOURNAL      = {Proc. Natl. Acad. Sci. USA},
   TITLE        = {Imaging Neuroscience: principles or maps?},
   YEAR         = {1998},
   OPTMONTH     = {},
   OPTNOTE      = {},
   OPTNUMBER    = {},
   PAGES        = {796--802},
   VOLUME       = {95},
   KEYWORDS     = {introduction, connectivity},
   PDF          = {/spm/doc/papers/karl_principles.pdf}
}

@ARTICLE{ica1,
   AUTHOR       = {K.J. Friston},
   JOURNAL      = {Trends in Cognitive Science},
   TITLE        = {Modes or models: a critique on independent component 
      analysis for fMRI},
   YEAR         = {1998},
   OPTMONTH     = {},
   OPTNOTE      = {},
   OPTNUMBER    = {},
   PAGES        = {373--374},
   VOLUME       = {2},
   KEYWORDS     = {connectivity},
   PDF          = {/spm/doc/papers/karl_modes.pdf}
}

@ARTICLE{event4,
   AUTHOR       = {K.J. Friston and P. Fletcher and O. Josephs and 
      A.P. Holmes and M.D. Rugg and R. Turner},
   JOURNAL      = {NeuroImage},
   TITLE        = {Event-related fMRI: characterizing differential 
      responses},
   YEAR         = {1998},
   OPTMONTH     = {},
   OPTNOTE      = {},
   OPTNUMBER    = {},
   PAGES        = {30--40},
   VOLUME       = {7},
   KEYWORDS     = {event-related, fMRI},
   PDF          = {/spm/doc/papers/karl_event_related.pdf}
}

@ARTICLE{event3,
   AUTHOR       = {K.J. Friston and O. Josephs and G. Rees and R. Turner},
   JOURNAL      = {Magnetic Resonance in Medicine},
   TITLE        = {Non-linear event-related responses in fMRI},
   YEAR         = {1998},
   OPTMONTH     = {},
   OPTNOTE      = {},
   OPTNUMBER    = {},
   PAGES        = {41--52},
   VOLUME       = {39},
   KEYWORDS     = {nonlinear, event-related, fMRI}
}

@INCOLLECTION{ashburner97hbf,
   AUTHOR       = {J. Ashburner and K.J. Friston},
   BOOKTITLE    = {Human Brain Function},
   PUBLISHER    = {Academic Press USA},
   TITLE        = {Spatial transformation of images},
   YEAR         = {1997},
   OPTADDRESS   = {},
   OPTCHAPTER   = {},
   OPTCROSSREF  = {},
   OPTEDITION   = {},
   EDITOR       = {R.S.J. Frackowiak and K.J. Friston and C. Frith and 
      R. Dolan and J.C. Mazziotta},
   OPTMONTH     = {},
   OPTNOTE      = {},
   OPTNUMBER    = {},
   PAGES        = {43--58},
   OPTSERIES    = {},
   OPTTYPE      = {},
   OPTVOLUME    = {},
   KEYWORDS     = {spatial, registration, normalisation, MRI, PET, fMRI},
   PDF          = {http://www.fil.ion.ucl.ac.uk/spm/doc/books/hbf1/Ch2.pdf

}
}

@INCOLLECTION{ch7,
   AUTHOR       = {C. Buchel and K.J. Friston},
   BOOKTITLE    = {Human Brain Function},
   PUBLISHER    = {Academic Press USA},
   TITLE        = {Characterizing functional integration},
   YEAR         = {1997},
   OPTADDRESS   = {},
   OPTCHAPTER   = {},
   OPTCROSSREF  = {},
   OPTEDITION   = {},
   EDITOR       = {R.S.J. Frackowiak and K.J. Friston and C. Frith and 
      R. Dolan and J.C. Mazziotta},
   OPTMONTH     = {},
   OPTNOTE      = {},
   OPTNUMBER    = {},
   PAGES        = {127--140},
   OPTSERIES    = {},
   OPTTYPE      = {},
   OPTVOLUME    = {},
   KEYWORDS     = {connectivity, introduction},
   PDF          = {http://www.fil.ion.ucl.ac.uk/spm/doc/books/hbf1/Ch6.pdf

}
}

@INCOLLECTION{ch2,
   AUTHOR       = {K.J. Friston},
   BOOKTITLE    = {Human Brain Function},
   PUBLISHER    = {Academic Press USA},
   TITLE        = {Analyzing brain images: Principles and overview},
   YEAR         = {1997},
   OPTADDRESS   = {},
   OPTCHAPTER   = {},
   OPTCROSSREF  = {},
   OPTEDITION   = {},
   EDITOR       = {R.S.J. Frackowiak and K.J. Friston and C. Frith and 
      R. Dolan and J.C. Mazziotta},
   OPTMONTH     = {},
   OPTNOTE      = {},
   OPTNUMBER    = {},
   PAGES        = {25--41},
   OPTSERIES    = {},
   OPTTYPE      = {},
   OPTVOLUME    = {},
   KEYWORDS     = {introduction, design},
   PDF          = {http://www.fil.ion.ucl.ac.uk/spm/doc/books/hbf1/Ch1.pdf

}
}

@INCOLLECTION{ch6,
   AUTHOR       = {K.J. Friston},
   BOOKTITLE    = {Human Brain Function},
   PUBLISHER    = {Academic Press USA},
   TITLE        = {Characterizing distributed functional systems},
   YEAR         = {1997},
   OPTADDRESS   = {},
   OPTCHAPTER   = {},
   OPTCROSSREF  = {},
   OPTEDITION   = {},
   EDITOR       = {R.S.J. Frackowiak and K.J. Friston and C. Frith and 
      R. Dolan and J.C. Mazziotta},
   OPTMONTH     = {},
   OPTNOTE      = {},
   OPTNUMBER    = {},
   PAGES        = {107--126},
   OPTSERIES    = {},
   OPTTYPE      = {},
   OPTVOLUME    = {},
   KEYWORDS     = {connectivity, introduction},
   PDF          = {http://www.fil.ion.ucl.ac.uk/spm/doc/books/hbf1/Ch5.pdf

}
}

@INCOLLECTION{ch8,
   AUTHOR       = {K.J. Friston and C.J. Price and C. Buchel and 
      R.S.J. Frackowiak},
   BOOKTITLE    = {Human Brain Function},
   PUBLISHER    = {Academic Press USA},
   TITLE        = {A Taxonomy of Study Design},
   YEAR         = {1997},
   OPTADDRESS   = {},
   OPTCHAPTER   = {},
   OPTCROSSREF  = {},
   OPTEDITION   = {},
   EDITOR       = {R.S.J. Frackowiak and K.J. Friston and C. Frith and 
      R. Dolan and J.C. Mazziotta},
   OPTMONTH     = {},
   OPTNOTE      = {},
   OPTNUMBER    = {},
   PAGES        = {141--159},
   OPTSERIES    = {},
   OPTTYPE      = {},
   OPTVOLUME    = {},
   KEYWORDS     = {design, introduction},
   PDF          = {http://www.fil.ion.ucl.ac.uk/spm/doc/books/hbf1/Ch7.pdf

}
}

@INCOLLECTION{ch4,
   AUTHOR       = {A.P. Holmes and J.B. Poline and K.J. Friston},
   BOOKTITLE    = {Human Brain Function},
   PUBLISHER    = {Academic Press USA},
   TITLE        = {Characterizing brain images with the general linear 
      model},
   YEAR         = {1997},
   OPTADDRESS   = {},
   OPTCHAPTER   = {},
   OPTCROSSREF  = {},
   OPTEDITION   = {},
   EDITOR       = {R.S.J. Frackowiak and K.J. Friston and C. Frith and 
      R. Dolan and J.C. Mazziotta},
   OPTMONTH     = {},
   OPTNOTE      = {},
   OPTNUMBER    = {},
   PAGES        = {59--84},
   OPTSERIES    = {},
   OPTTYPE      = {},
   OPTVOLUME    = {},
   KEYWORDS     = {GLM, introduction, PET, fMRI},
   PDF          = {http://www.fil.ion.ucl.ac.uk/spm/doc/books/hbf1/Ch3.pdf

}
}

@INCOLLECTION{ch5,
   AUTHOR       = {J.B. Poline and A.P. Holmes and K.J. Worsley and 
      K.J. Friston},
   BOOKTITLE    = {Human Brain Function},
   PUBLISHER    = {Academic Press USA},
   TITLE        = {Making statistical inferences},
   YEAR         = {1997},
   OPTADDRESS   = {},
   OPTCHAPTER   = {},
   OPTCROSSREF  = {},
   OPTEDITION   = {},
   EDITOR       = {R.S.J. Frackowiak and K.J. Friston and C. Frith and 
      R. Dolan and J.C. Mazziotta},
   OPTMONTH     = {},
   OPTNOTE      = {},
   OPTNUMBER    = {},
   PAGES        = {85--106},
   OPTSERIES    = {},
   OPTTYPE      = {},
   OPTVOLUME    = {},
   KEYWORDS     = {RFT, GLM, introduction},
   PDF          = {http://www.fil.ion.ucl.ac.uk/spm/doc/books/hbf1/Ch4.pdf

}
}

@ARTICLE{ashburner97a,
   AUTHOR       = {J. Ashburner and K.J. Friston},
   JOURNAL      = {NeuroImage},
   TITLE        = {Multimodal Image Coregistration and Partitioning - a 
      Unified Framework},
   YEAR         = {1997},
   OPTMONTH     = {},
   OPTNOTE      = {},
   NUMBER       = {3},
   PAGES        = {209--217},
   VOLUME       = {6},
   KEYWORDS     = {spatial, registration, MRI, PET},
   PDF          = {/spm/doc/papers/john_multimodal.pdf}
}

@ARTICLE{ashburner97bir,
   AUTHOR       = {J. Ashburner and K.J. Friston},
   JOURNAL      = {Clinical MRI/Developments in MR},
   TITLE        = {The role of registration and spatial normalization in 
      detecting activations in functional imaging},
   YEAR         = {1997},
   OPTMONTH     = {},
   OPTNOTE      = {},
   NUMBER       = {1},
   PAGES        = {26--28},
   VOLUME       = {7},
   KEYWORDS     = {spatial, registration, MRI},
   PS           = {/spm/doc/papers/John_Ashburner/bir.ps}
}

@ARTICLE{ashburner97b,
   AUTHOR       = {J. Ashburner and P. Neelin and D. L. Collins and 
      A. C. Evans and K.J. Friston},
   JOURNAL      = {NeuroImage},
   TITLE        = {Incorporating Prior Knowledge into Image Registration},
   YEAR         = {1997},
   OPTMONTH     = {},
   OPTNOTE      = {},
   OPTNUMBER    = {},
   PAGES        = {344--352},
   VOLUME       = {6},
   KEYWORDS     = {Bayesian, spatial, registration, MRI},
   PDF          = {/spm/doc/papers/john_incorp.pdf}
}

@ARTICLE{buchel97,
   AUTHOR       = {C. Buchel and K.J. Friston},
   JOURNAL      = {Cerebral Cortex},
   TITLE        = {Modulation of connectivity in visual pathways by 
      attention: Cortical interactions evaluated with structural equation 
      modelling and fMRI},
   YEAR         = {1997},
   OPTMONTH     = {},
   OPTNOTE      = {},
   OPTNUMBER    = {},
   PAGES        = {768--778},
   VOLUME       = {7},
   KEYWORDS     = {connectivity, fMRI},
   PDF          = {/spm/doc/papers/cb_sem.pdf}
}

@ARTICLE{fmri_average,
   AUTHOR       = {C. Buchel and R. Turner and K.J. Friston},
   JOURNAL      = {Magnetic Resonance in Medicine},
   TITLE        = {Lateral geniculate activations can be detected using 
      intersubject averaging and fMRI},
   YEAR         = {1997},
   OPTMONTH     = {},
   OPTNOTE      = {},
   NUMBER       = {691--694},
   OPTPAGES     = {},
   VOLUME       = {38},
   KEYWORDS     = {fMRI}
}

@ARTICLE{code1,
   AUTHOR       = {K.J. Friston},
   JOURNAL      = {NeuroImage},
   TITLE        = {Another neural code ?},
   YEAR         = {1997},
   OPTMONTH     = {},
   OPTNOTE      = {},
   OPTNUMBER    = {},
   PAGES        = {213--220},
   VOLUME       = {5},
   KEYWORDS     = {MEG, connectivity},
   PDF          = {/spm/doc/papers/karl_neural_code.pdf}
}

@ARTICLE{tics97,
   AUTHOR       = {K.J. Friston},
   JOURNAL      = {Trends in Cognitive Science},
   TITLE        = {Imaging Cognitive Anatomy},
   YEAR         = {1997},
   OPTMONTH     = {},
   OPTNOTE      = {},
   OPTNUMBER    = {},
   PAGES        = {21--27},
   VOLUME       = {1},
   KEYWORDS     = {introduction},
   PDF          = {/spm/doc/papers/karl_imaging.pdf}
}

@ARTICLE{friston97a,
   AUTHOR       = {K.J. Friston},
   JOURNAL      = {Human Brain Mapping},
   TITLE        = {Testing for anatomically specified regional effects},
   YEAR         = {1997},
   OPTMONTH     = {},
   OPTNOTE      = {},
   OPTNUMBER    = {},
   PAGES        = {133--136},
   VOLUME       = {5},
   KEYWORDS     = {RFT, PET, fMRI},
   PDF          = {/spm/doc/papers/karl_anat_specified.pdf}
}

@ARTICLE{ppi,
   AUTHOR       = {K.J. Friston and C. Buchel and G.R. Fink and J. Morris and 
      E. Rolls and R. Dolan},
   JOURNAL      = {NeuroImage},
   TITLE        = {Psychophysiological and modulatory interactions in 
      Neuroimaging},
   YEAR         = {1997},
   OPTMONTH     = {},
   OPTNOTE      = {},
   OPTNUMBER    = {},
   PAGES        = {218--229},
   VOLUME       = {6},
   KEYWORDS     = {connectivity, fMRI, PPI},
   PDF          = {/spm/doc/papers/karl_ppi.pdf}
}

@ARTICLE{trans2,
   AUTHOR       = {K.J. Friston and K.M. Stephan and R.S.J. Frackowiak},
   JOURNAL      = {Human Brain Mapping},
   TITLE        = {Transient phase-locking and dynamic correlations: Are 
      they the same thing?},
   YEAR         = {1997},
   OPTMONTH     = {},
   OPTNOTE      = {},
   OPTNUMBER    = {},
   PAGES        = {48--57},
   VOLUME       = {5},
   KEYWORDS     = {connectivity},
   PDF          = {/spm/doc/papers/karl_phase.pdf}
}

@ARTICLE{event1,
   AUTHOR       = {O. Josephs and R. Turner and K.J. Friston},
   JOURNAL      = {Human Brain Mapping},
   TITLE        = {Event-related fMRI},
   YEAR         = {1997},
   OPTMONTH     = {},
   OPTNOTE      = {},
   OPTNUMBER    = {},
   PAGES        = {243--248},
   VOLUME       = {5},
   KEYWORDS     = {event-related, fMRI},
   PDF          = {/spm/doc/papers/oj_event.pdf}
}

@ARTICLE{kiebel97,
   AUTHOR       = {S.J. Kiebel and J. Ashburner and J.B. Poline and 
      K.J. Friston},
   JOURNAL      = {NeuroImage},
   TITLE        = {MRI and PET Coregistration - A Cross Validation of 
      Statistical Parametric Mapping and Automated Image Registration},
   YEAR         = {1997},
   OPTMONTH     = {},
   OPTNOTE      = {},
   OPTNUMBER    = {},
   PAGES        = {271--279},
   VOLUME       = {5},
   KEYWORDS     = {PET, MRI, registration},
   PDF          = {/spm/doc/papers/sjk_coreg.pdf}
}

@ARTICLE{jbp_combining,
   AUTHOR       = {J.B. Poline and K.J. Worsley and 
      andK.J. Friston, A.C. Evans},
   JOURNAL      = {NeuroImage},
   TITLE        = {Combining spatial extent and peak intensity to test for 
      activations in functional imaging},
   YEAR         = {1997},
   OPTMONTH     = {},
   OPTNOTE      = {},
   NUMBER       = {2},
   PAGES        = {83-96},
   VOLUME       = {5},
   KEYWORDS     = {RFT, smoothness},
   PDF          = {/spm/doc/papers/jbp_combining.pdf}
}

@ARTICLE{price97,
   AUTHOR       = {C.J. Price and K.J. Friston},
   JOURNAL      = {NeuroImage},
   TITLE        = {Cognitive Conjunction: A New Approach to Brain 
      Activation Experiments},
   YEAR         = {1997},
   OPTMONTH     = {},
   OPTNOTE      = {},
   OPTNUMBER    = {},
   PAGES        = {261--270},
   VOLUME       = {5},
   KEYWORDS     = {conjunction, design},
   PDF          = {/spm/doc/papers/cjp_cognitive.pdf}
}

@ARTICLE{cjp_subtractions,
   AUTHOR       = {andK.J. Friston, C.J. Priceand C.J. Moore},
   JOURNAL      = {Human Brain Mapping},
   TITLE        = {Subtractions, conjunctions, and interactions in 
      experimental design of activation studies},
   YEAR         = {1997},
   OPTMONTH     = {},
   OPTNOTE      = {},
   NUMBER       = {4},
   PAGES        = {264-272},
   VOLUME       = {5},
   KEYWORDS     = {design, conjunction, introduction},
   PDF          = {/spm/doc/papers/cjp_subtractions.pdf}
}

@INCOLLECTION{spm_tutorial,
   AUTHOR       = {K.J. Friston},
   BOOKTITLE    = {Brain Mapping: The Methods},
   PUBLISHER    = {Academic Press},
   TITLE        = {Statistical Parametric Mapping and Other Analysis of 
      Functional Imaging Data},
   YEAR         = {1996},
   OPTADDRESS   = {},
   OPTCHAPTER   = {},
   OPTCROSSREF  = {},
   OPTEDITION   = {},
   OPTEDITOR    = {},
   OPTMONTH     = {},
   OPTNOTE      = {},
   OPTNUMBER    = {},
   PAGES        = {363--385},
   OPTSERIES    = {},
   OPTTYPE      = {},
   OPTVOLUME    = {},
   KEY          = {introduction, GLM, RFT}
}

@ARTICLE{parametric_pet,
   AUTHOR       = {C. Buchel and R.J.S. Wise and C.J. Mummery and 
      J.B. Poline and K.J. Friston},
   JOURNAL      = {NeuroImage},
   TITLE        = {Nonlinear regression in parametric activation studies},
   YEAR         = {1996},
   OPTMONTH     = {},
   OPTNOTE      = {},
   OPTNUMBER    = {},
   PAGES        = {60--66},
   VOLUME       = {4},
   KEYWORDS     = {nonlinear, parametric, PET},
   PDF          = {/spm/doc/papers/cb_nonlinear.pdf}
}

@ARTICLE{mds1,
   AUTHOR       = {K.J. Friston and C. Frith and P. Fletcher and 
      P.F. Liddle and R.S.J. Frackowiak},
   JOURNAL      = {Cerebral Cortex},
   TITLE        = {Functional topography: multidimensional scaling and 
      functional connectivity in the brain},
   YEAR         = {1996},
   OPTMONTH     = {},
   OPTNOTE      = {},
   OPTNUMBER    = {},
   PAGES        = {156--164},
   VOLUME       = {6},
   KEYWORDS     = {connectivity},
   URL          = {/spm/doc/papers/PET_2/welcome.html}
}

@ARTICLE{friston96b,
   AUTHOR       = {K.J. Friston and J.B. Poline and A.P. Holmes and 
      C. Frith and R.S.J. Frackowiak},
   JOURNAL      = {Human Brain Mapping},
   TITLE        = {A multivariate analysis of PET activation studies},
   YEAR         = {1996},
   OPTMONTH     = {},
   OPTNOTE      = {},
   OPTNUMBER    = {},
   PAGES        = {140--151},
   VOLUME       = {4},
   KEYWORDS     = {connectivity, PET}
}

@ARTICLE{cog1,
   AUTHOR       = {K.J. Friston and C.J. Price and P. Fletcher and C. Moore and 
      and R.S.J. Frackowiak and R. Dolan},
   JOURNAL      = {NeuroImage},
   TITLE        = {The trouble with cognitive subtraction},
   YEAR         = {1996},
   OPTMONTH     = {},
   OPTNOTE      = {},
   OPTNUMBER    = {},
   PAGES        = {97--104},
   VOLUME       = {4},
   KEYWORDS     = {design, introduction},
   PDF          = {/spm/doc/papers/karl_trouble.pdf}
}

@ARTICLE{multivarEEG,
   AUTHOR       = {K.J. Friston and Klaus M. Stephan and J.D. Heather and 
      C. Frith and A.A. Ioannides and L.C. Liu and M.D. Rugg and J. Vieth and 
      H. Keber and K. Hunter and R.S.J. Frackowiak},
   JOURNAL      = {NeuroImage},
   TITLE        = {A Multivariate Analysis of Evoked Responses in EEG and 
      MEG data},
   YEAR         = {1996},
   OPTMONTH     = {},
   OPTNOTE      = {},
   OPTNUMBER    = {},
   PAGES        = {167--174},
   VOLUME       = {3},
   KEYWORDS     = {connectivity, EEG, MEG},
   PDF          = {/spm/doc/papers/karl_multivariate.pdf}
}

@ARTICLE{friston96a,
   AUTHOR       = {K.J. Friston and S. Williams and R. Howard and 
      R.S.J. Frackowiak and R. Turner},
   JOURNAL      = {Magnetic Resonance in Medicine},
   TITLE        = {Movement-Related Effects in fMRI Time-Series},
   YEAR         = {1996},
   OPTMONTH     = {},
   OPTNOTE      = {},
   OPTNUMBER    = {},
   PAGES        = {346--355},
   VOLUME       = {35},
   KEYWORDS     = {registration, spatial, fMRI},
   URL          = {/spm/doc/papers/fMRI_1/welcome.html}
}

@ARTICLE{holmes96,
   AUTHOR       = {A.P. Holmes and R. C. Blair and J.D.G. Watson and 
      I. Ford},
   JOURNAL      = {Journal of Cerebral Blood Flow and Metabolism},
   TITLE        = {Non-Parametric Analysis of Statistic Images From 
      Functional Mapping Experiments},
   YEAR         = {1996},
   OPTMONTH     = {},
   OPTNOTE      = {},
   OPTNUMBER    = {},
   PAGES        = {7--22},
   VOLUME       = {16},
   KEYWORDS     = {nonparametric, PET}
}

@ARTICLE{worsley96b,
   AUTHOR       = {K.J. Worsley and S. Marrett and P. Neelin and 
      A. C. Vandal and K.J. Friston and A. C. Evans},
   JOURNAL      = {Human Brain Mapping},
   TITLE        = {A unified statistical approach for determining 
      significant voxels in images of cerebral activation},
   YEAR         = {1996},
   OPTMONTH     = {},
   OPTNOTE      = {},
   OPTNUMBER    = {},
   PAGES        = {58--73},
   VOLUME       = {4},
   KEYWORDS     = {RFT}
}

@ARTICLE{func1,
   AUTHOR       = {K.J. Friston},
   JOURNAL      = {Human Brain Mapping},
   TITLE        = {Functional and effective connectivity in neuroimaging: A 
      synthesis},
   YEAR         = {1995},
   OPTMONTH     = {},
   OPTNOTE      = {},
   OPTNUMBER    = {},
   PAGES        = {56--78},
   VOLUME       = {2},
   KEYWORDS     = {connectivity}
}

@ARTICLE{spm_ontology,
   AUTHOR       = {K.J. Friston},
   JOURNAL      = {Journal of Cerebral Blood Flow and Metabolism},
   TITLE        = {Statistical Parametric Mapping: Ontology and Current 
      Issues},
   YEAR         = {1995},
   OPTMONTH     = {},
   OPTNOTE      = {},
   OPTNUMBER    = {},
   PAGES        = {361--370},
   VOLUME       = {15},
   KEYWORDS     = {introduction, design}
}

@ARTICLE{karl_spatial_reg,
   AUTHOR       = {K.J. Friston and J. Ashburner and C. Frith and 
      J.B. Poline and J. D. Heather and R.S.J. Frackowiak},
   JOURNAL      = {Human Brain Mapping},
   TITLE        = {Spatial Registration and Normalization of Images},
   YEAR         = {1995},
   OPTMONTH     = {},
   OPTNOTE      = {},
   OPTNUMBER    = {},
   PAGES        = {165--189},
   VOLUME       = {2},
   KEYWORDS     = {normalisation, registration},
   URL          = {/spm/doc/papers/SPM_1/welcome.html}
}

@ARTICLE{friston95d,
   AUTHOR       = {K.J. Friston and C. Frith and R.S.J. Frackowiak and 
      R. Turner},
   JOURNAL      = {NeuroImage},
   TITLE        = {Characterizing Dynamic Brain Responses with fMRI: A 
      multivariate Approach},
   YEAR         = {1995},
   OPTMONTH     = {},
   OPTNOTE      = {},
   OPTNUMBER    = {},
   PAGES        = {166--172},
   VOLUME       = {2},
   KEYWORDS     = {connectivity, fMRI},
   PDF          = {/spm/doc/papers/karl_dyn_multivariate.pdf}
}

@ARTICLE{friston95a,
   AUTHOR       = {K.J. Friston and C. Frith and R.S.J. Frackowiak and 
      R. Turner},
   JOURNAL      = {NeuroImage},
   TITLE        = {Characterizing dynamic brain responses with fMRI},
   YEAR         = {1995},
   OPTMONTH     = {},
   OPTNOTE      = {},
   OPTNUMBER    = {},
   PAGES        = {166--172},
   VOLUME       = {2},
   KEYWORDS     = {fMRI, dynamical}
}

@ARTICLE{hemo1,
   AUTHOR       = {K.J. Friston and C. Frith and R. Turner and 
      R.S.J. Frackowiak},
   JOURNAL      = {NeuroImage},
   TITLE        = {Characterizing evoked hemodynamics with fMRI},
   YEAR         = {1995},
   OPTMONTH     = {},
   OPTNOTE      = {},
   OPTNUMBER    = {},
   PAGES        = {157--165},
   VOLUME       = {2},
   KEYWORDS     = {fMRI, event-related},
   PDF          = {/spm/doc/papers/karl_evoked.pdf}
}

@ARTICLE{friston95b,
   AUTHOR       = {K.J. Friston and A.P. Holmes and J.B. Poline and 
      P. J. Grasby and S. C. R. Williams and R.S.J. Frackowiak and 
      R. Turner},
   JOURNAL      = {NeuroImage},
   TITLE        = {Analysis of fMRI Time Series Revisited},
   YEAR         = {1995},
   OPTMONTH     = {},
   OPTNOTE      = {},
   OPTNUMBER    = {},
   PAGES        = {45--53},
   VOLUME       = {2},
   KEYWORDS     = {fMRI, autocorrelation, nonsphericity},
   PDF          = {/spm/doc/papers/karl_revisited.pdf}
}

@ARTICLE{friston_levels,
   AUTHOR       = {K.J. Friston and A.P. Holmes and J.B. Poline and 
      C.J. Price and C. Frith},
   JOURNAL      = {NeuroImage},
   TITLE        = {Detecting Activations in PET and fMRI: Levels of 
      Inference and Power},
   YEAR         = {1995},
   OPTMONTH     = {},
   OPTNOTE      = {},
   OPTNUMBER    = {},
   PAGES        = {223--235},
   VOLUME       = {40},
   KEYWORDS     = {RFT, PET, fMRI},
   PDF          = {/spm/doc/papers/karl_detecting.pdf}
}

@ARTICLE{friston95c,
   AUTHOR       = {K.J. Friston and A.P. Holmes and K.J. Worsley and 
      J.B. Poline and C. Frith and R.S.J. Frackowiak},
   JOURNAL      = {Human Brain Mapping},
   TITLE        = {Statistical Parametric Maps in Functional Imaging: A 
      General Linear Approach},
   YEAR         = {1995},
   OPTMONTH     = {},
   OPTNOTE      = {},
   OPTNUMBER    = {},
   PAGES        = {189--210},
   VOLUME       = {2},
   KEYWORDS     = {GLM, RFT},
   URL          = {/spm/doc/papers/SPM_3/welcome.html}
}

@ARTICLE{effcon_v1v2,
   AUTHOR       = {K.J. Friston and L.G. Ungerleider and P. Jezzard and 
      R. Turner},
   JOURNAL      = {Human Brain Mapping},
   TITLE        = {Characterizing modulatory interactions between V1 and V2 
      in human cortex with fMRI},
   YEAR         = {1995},
   OPTMONTH     = {},
   OPTNOTE      = {},
   OPTNUMBER    = {},
   PAGES        = {211--224},
   VOLUME       = {2},
   KEYWORDS     = {connectivity, fMRI}
}

@ARTICLE{poline95,
   AUTHOR       = {J.B. Poline and K.J. Friston and K.J. Worsley and 
      R.S.J. Frackowiak},
   JOURNAL      = {Journal of Computer Assisted Tomography},
   TITLE        = {Estimating Smoothness in Statistical Parametric Maps: 
      Confidence Intervals on php-Values},
   YEAR         = {1995},
   OPTMONTH     = {},
   OPTNOTE      = {},
   NUMBER       = {5},
   PAGES        = {788--796},
   VOLUME       = {19},
   KEYWORDS     = {smoothness, RFT},
   URL          = {/spm/doc/papers/SPM_3/welcome.html}
}

@ARTICLE{worsley95,
   AUTHOR       = {K.J. Worsley and K.J. Friston},
   JOURNAL      = {NeuroImage},
   TITLE        = {Analysis of fMRI Time-Series Revisited - Again},
   YEAR         = {1995},
   OPTMONTH     = {},
   OPTNOTE      = {},
   OPTNUMBER    = {},
   PAGES        = {173--181},
   VOLUME       = {2},
   KEYWORDS     = {fMRI, autocorrelation, nonsphericity},
   PDF          = {/spm/doc/papers/kjw_revisited_again.pdf}
}

@ARTICLE{kjw_tests_nonfocal,
   AUTHOR       = {K.J. Worsley and J.B. Polineand A.C. Vandal and 
      K.J. Friston},
   JOURNAL      = {NeuroImage},
   TITLE        = {Tests for distributed, nonfocal brain activation},
   YEAR         = {1995},
   OPTMONTH     = {},
   OPTNOTE      = {},
   NUMBER       = {3},
   PAGES        = {183-194},
   VOLUME       = {2},
   KEYWORDS     = {RFT, smoothness},
   PDF          = {/spm/doc/papers/kjw_tests_nonfocal.pdf}
}

@ARTICLE{wright_vbm,
   AUTHOR       = {I.C. Wright and P.K. McGuire and J.B. Poline and 
      J.M. Travere and R.M. Murray and C. Frith and R.S.J. Frackowiak and 
      K.J. Friston},
   JOURNAL      = {NeuroImage},
   TITLE        = {A voxel-based method for the statistical analysis of 
      gray and white matter density applied to schizophrenia},
   YEAR         = {1995},
   OPTMONTH     = {},
   OPTNOTE      = {},
   OPTNUMBER    = {},
   PAGES        = {244--252},
   VOLUME       = {2},
   KEYWORDS     = {spatial, normalisation, vbm, MRI}
}

@ARTICLE{friston94b,
   AUTHOR       = {K.J. Friston and P. Jezzard and R. Turner},
   JOURNAL      = {Human Brain Mapping},
   TITLE        = {Analysis of Functional MRI Time-Series},
   YEAR         = {1994},
   OPTMONTH     = {},
   OPTNOTE      = {},
   OPTNUMBER    = {},
   PAGES        = {153--171},
   VOLUME       = {1},
   KEYWORDS     = {fMRI, autocorrelation, nonsphericity},
   URL          = {/spm/doc/papers/fMRI_4/}
}

@ARTICLE{friston94,
   AUTHOR       = {K.J. Friston and K.J. Worsley and R.S.J. Frackowiak and 
      J.C. Mazziotta and A.C. Evans},
   JOURNAL      = {Human Brain Mapping},
   TITLE        = {Assessing the Significance of Focal Activations Using 
      their Spatial Extent},
   YEAR         = {1994},
   OPTMONTH     = {},
   OPTNOTE      = {},
   OPTNUMBER    = {},
   PAGES        = {214--220},
   VOLUME       = {1},
   KEYWORDS     = {RFT},
   URL          = {/spm/doc/papers/SPM_2/welcome.html}
}

@ARTICLE{pca1,
   AUTHOR       = {K.J. Friston and C. Frith and R.S.J. Frackowiak},
   JOURNAL      = {Proc R Soc B},
   TITLE        = {Principal component analysis learning algorithms: A 
      neurobiological analysis},
   YEAR         = {1993},
   OPTMONTH     = {},
   OPTNOTE      = {},
   OPTNUMBER    = {},
   PAGES        = {47--54},
   VOLUME       = {254},
   KEYWORDS     = {connectivity}
}

@ARTICLE{effconn1,
   AUTHOR       = {K.J. Friston and C. Frith and R.S.J. Frackowiak},
   JOURNAL      = {Human Brain Mapping},
   TITLE        = {Time-dependent changes in effective connectivity 
      measured with PET},
   YEAR         = {1993},
   OPTMONTH     = {},
   OPTNOTE      = {},
   OPTNUMBER    = {},
   PAGES        = {69--79},
   VOLUME       = {1},
   KEYWORDS     = {connectivity, PET}
}

@ARTICLE{friston93,
   AUTHOR       = {K.J. Friston and C. Frith and F.P. Liddle and 
      R.S.J. Frackowiak},
   JOURNAL      = {Journal of Cerebral Blood Flow and Metabolism},
   TITLE        = {Functional connectivity: The principal-component 
      analysis of large (PET) data sets},
   YEAR         = {1993},
   OPTMONTH     = {},
   OPTNOTE      = {},
   OPTNUMBER    = {},
   PAGES        = {5--14},
   VOLUME       = {13},
   KEYWORDS     = {connectivity, PET}
}

@ARTICLE{factorial1,
   AUTHOR       = {K.J. Friston and C. Frith and R.E. Passingham and 
      P. Liddle and R.S.J. Frackowiak},
   JOURNAL      = {Proc. Royal Soc. Lond. Series B},
   TITLE        = {Motor practice and neurophysiological adaptation in the 
      cerebellum: a positron tomography study},
   YEAR         = {1992},
   OPTMONTH     = {},
   OPTNOTE      = {},
   OPTNUMBER    = {},
   PAGES        = {223--228},
   VOLUME       = {248},
   KEYWORDS     = {PET}
}

@ARTICLE{price_parametric,
   AUTHOR       = {C.J. Price and R. Wise and S. Ramsay and K.J. Friston and 
      D. Howard and K. Patterson and R.S.J. Frackowiak},
   JOURNAL      = {Neuroscience Letters},
   TITLE        = {Regional response differences withing the human auditory 
      cortex when listening to words},
   YEAR         = {1992},
   OPTMONTH     = {},
   OPTNOTE      = {},
   OPTNUMBER    = {},
   PAGES        = {179--182},
   VOLUME       = {11},
   KEYWORDS     = {parametric, fMRI}
}

@ARTICLE{karl_pet_sig,
   AUTHOR       = {K.J. Friston and C. Frith and P.F. Liddle and 
      R.S.J. Frackowiak},
   JOURNAL      = {Journal of Cerebral Blood Flow and Metabolism},
   TITLE        = {Comparing functional (PET) images: The assessment of 
      significant change},
   YEAR         = {1991},
   OPTMONTH     = {},
   OPTNOTE      = {},
   OPTNUMBER    = {},
   PAGES        = {690--699},
   VOLUME       = {11},
   KEYWORDS     = {PET, RFT}
}

@ARTICLE{friston91,
   AUTHOR       = {K.J. Friston and C. Frith and P. F. Liddle and 
      R.S.J. Frackowiak},
   JOURNAL      = {Journal of Computer Assisted Tomography},
   TITLE        = {Plastic transformation of PET images},
   YEAR         = {1991},
   OPTMONTH     = {},
   OPTNOTE      = {},
   OPTNUMBER    = {},
   PAGES        = {634--639},
   VOLUME       = {15},
   KEYWORDS     = {PET, normalisation}
}

@ARTICLE{spm1,
   AUTHOR       = {K.J. Friston and C. Frith and P.F. Liddle and R. Dolan and 
      A.A. Lammertsma and R.S.J. Frackowiak},
   JOURNAL      = {Journal of Cerebral Blood Flow and Metabolism},
   TITLE        = {The relationship between global and local changes in PET 
      scans},
   YEAR         = {1990},
   OPTMONTH     = {},
   OPTNOTE      = {},
   OPTNUMBER    = {},
   PAGES        = {458--466},
   VOLUME       = {10},
   KEYWORDS     = {PET}
}

@ARTICLE{direct,
   AUTHOR       = {K.J. Friston and R.E. Passingham and J.G. Nutt and 
      J.D. Heather and G.V. Sawle and R.S.J. Frackowiak},
   JOURNAL      = {Journal of Cerebral Blood Flow and Metabolism},
   TITLE        = {Localisation in PET images: direct fitting of the 
      intercommissural (AC-PC) line},
   YEAR         = {1989},
   OPTMONTH     = {},
   OPTNOTE      = {},
   OPTNUMBER    = {},
   PAGES        = {690--695},
   VOLUME       = {9},
   KEYWORDS     = {spatial, PET, normalisation}
}

@INPROCEEDINGS{rnah_time,
   AUTHOR       = {R.N.A. Henson and S.J. Kiebel and J. Kilner and 
      K.J. Friston and A. Hillebrand and G.R. Barnes and K.D. Singh},
   BOOKTITLE    = {International Conference on Human Brain Mapping},
   TITLE        = {Time-frequency SPMs for MEG data on face perception: 
      power changes and phase-locking},
   YEAR         = {2005},
   OPTADDRESS   = {},
   OPTCROSSREF  = {},
   OPTEDITOR    = {},
   OPTMONTH     = {},
   OPTNOTE      = {},
   OPTNUMBER    = {},
   OPTORGANIZATION = {},
   OPTPAGES     = {},
   OPTPUBLISHER = {},
   OPTSERIES    = {},
   OPTVOLUME    = {},
   KEYWORDS     = {MEG},
   PDF          = {/spm/doc/papers/hbm05-timefreq.pdf}
}

@INPROCEEDINGS{rnah_source,
   AUTHOR       = {R.N.A. Henson and J. Mattout and K.J. Friston and 
       S.Hassel and A. Hillebrand and G.R. Barnes and K.D. Singh},
   BOOKTITLE    = {International Conference on Human Brain Mapping},
   TITLE        = {Distributed source localisation of the M170 using 
      multiple constraints},
   YEAR         = {2005},
   OPTADDRESS   = {},
   OPTCROSSREF  = {},
   OPTEDITOR    = {},
   OPTMONTH     = {},
   OPTNOTE      = {},
   OPTNUMBER    = {},
   OPTORGANIZATION = {},
   OPTPAGES     = {},
   OPTPUBLISHER = {},
   OPTSERIES    = {},
   OPTVOLUME    = {},
   KEYWORDS     = {MEG},
   PDF          = {/spm/doc/papers/hbm05-source.pdf}
}

@INPROCEEDINGS{karl_ppm_conf,
   AUTHOR       = {K.J. Friston and W.D. Penny},
   BOOKTITLE    = {Proceedings of the 9th International Conference on Neural Information Processing (ICONIP'02)},
   TITLE        = {Bayesian Inference and Posterior Probability Maps},
   YEAR         = {2002},
   OPTADDRESS   = {},
   OPTCROSSREF  = {},
   OPTEDITOR    = {},
   OPTMONTH     = {},
   OPTNOTE      = {},
   OPTNUMBER    = {},
   OPTORGANIZATION = {},
   PAGES        = {413-417},
   OPTPUBLISHER = {},
   OPTSERIES    = {},
   OPTVOLUME    = {},
   KEYWORDS     = {PPM}
}

@INPROCEEDINGS{rnah_latency_hbm,
   AUTHOR       = {R.N.A. Henson and M.D. Rugg},
   BOOKTITLE    = {NeuroImage},
   TITLE        = {Effects of stimulus repetition on latency of BOLD 
      impulse response},
   YEAR         = {2001},
   OPTADDRESS   = {},
   OPTCROSSREF  = {},
   OPTEDITOR    = {},
   OPTMONTH     = {},
   OPTNOTE      = {},
   OPTNUMBER    = {},
   OPTORGANIZATION = {},
   PAGES        = {683},
   OPTPUBLISHER = {},
   OPTSERIES    = {},
   VOLUME       = {13},
   PDF          = {/spm/doc/papers/rnah_latency_hbm.pdf}
}

@INPROCEEDINGS{rnah_multivar,
   AUTHOR       = {R.N.A. Henson and J. Andersson and K.J. Friston},
   BOOKTITLE    = {NeuroImage},
   TITLE        = {Multivariate SPM: Application to basis function 
      characterisations of event-related fMRI responses},
   YEAR         = {2000},
   OPTADDRESS   = {},
   OPTCROSSREF  = {},
   OPTEDITOR    = {},
   OPTMONTH     = {},
   OPTNOTE      = {},
   OPTNUMBER    = {},
   OPTORGANIZATION = {},
   PAGES        = {468},
   OPTPUBLISHER = {},
   OPTSERIES    = {},
   VOLUME       = {11},
   KEYWORDS     = {fMRI, event-related},
   PDF          = {/spm/doc/papers/rnah_multivar.pdf}
}

@INPROCEEDINGS{rnah_slicetime,
   AUTHOR       = {R.N.A. Henson and C. Buchel and O. Josephs and 
      K.J. Friston},
   BOOKTITLE    = {NeuroImage},
   TITLE        = {The slice-timing problem in event-related fMRI},
   YEAR         = {1999},
   OPTADDRESS   = {},
   OPTCROSSREF  = {},
   OPTEDITOR    = {},
   OPTMONTH     = {},
   OPTNOTE      = {},
   OPTNUMBER    = {},
   OPTORGANIZATION = {},
   PAGES        = {125},
   OPTPUBLISHER = {},
   OPTSERIES    = {},
   VOLUME       = {9},
   KEYWORDS     = {fMRI},
   PDF          = {/spm/doc/papers/rnah_slicetime.pdf}
}

@INPROCEEDINGS{holmes_rfx,
   AUTHOR       = {A.P. Holmes and K.J. Friston},
   BOOKTITLE    = {NeuroImage},
   TITLE        = {Generalisability, Random Effects and Population 
      Inference},
   YEAR         = {1998},
   OPTADDRESS   = {},
   OPTCROSSREF  = {},
   OPTEDITOR    = {},
   OPTMONTH     = {},
   OPTNOTE      = {},
   OPTNUMBER    = {},
   OPTORGANIZATION = {},
   PAGES        = {S754},
   OPTPUBLISHER = {},
   OPTSERIES    = {},
   VOLUME       = {7},
   KEYWORDS     = {group, RFX},
   PDF          = {/spm/doc/papers/aph_rfx.pdf}
}

@INPROCEEDINGS{ashburner96,
   AUTHOR       = {J. Ashburner and J. Haslam and C. Taylor and 
      V. J. Cunningham and T. Jones},
   BOOKTITLE    = {Quantification of Brain Function Using PET},
   TITLE        = {A Cluster Analysis Approach for the Characterization of 
      Dynamic PET Data},
   YEAR         = {1996},
   OPTADDRESS   = {},
   OPTCROSSREF  = {},
   EDITOR       = {R. Myers and V. Cunningham and B. Dale and T. Jones},
   OPTMONTH     = {},
   OPTNOTE      = {},
   OPTNUMBER    = {},
   OPTORGANIZATION = {},
   PAGES        = {301--306},
   PUBLISHER    = {London, Academic Press},
   OPTSERIES    = {},
   OPTVOLUME    = {},
   KEYWORDS     = {clustering, PET}
}

@TECHREPORT{vb3,
   AUTHOR       = {W.D. Penny and G. Flandin},
   INSTITUTION  = {Wellcome Department of Imaging Neuroscience},
   TITLE        = {Bayesian analysis of single-subject fMRI: SPM 
      implementation},
   YEAR         = {2005},
   OPTADDRESS   = {},
   OPTMONTH     = {},
   OPTNOTE      = {},
   OPTNUMBER    = {},
   OPTTYPE      = {}
}

@TECHREPORT{klaas_dcm_objfcn,
   AUTHOR       = {K.E. Stephan and K.J. Friston and W.D. Penny},
   INSTITUTION  = {Wellcome Department of Imaging Neuroscience, ION, UCL},
   TITLE        = {Computing the objective function in DCM},
   YEAR         = {2005},
   OPTADDRESS   = {},
   OPTMONTH     = {},
   OPTNOTE      = {},
   OPTNUMBER    = {},
   OPTTYPE      = {},
   KEYWORDS     = {DCM},
   PDF          = {/spm/doc/papers/stephan_DCM_ObjFcn_tr05.pdf}
}

@TECHREPORT{rnah_anova,
   AUTHOR       = {R.N.A. Henson and W.D. Penny},
   INSTITUTION  = {Wellcome Department of Imaging Neuroscience},
   TITLE        = {ANOVAs and SPM},
   YEAR         = {2003},
   OPTADDRESS   = {},
   OPTMONTH     = {},
   OPTNOTE      = {},
   OPTNUMBER    = {},
   OPTTYPE      = {},
   KEYWORDS     = {ANOVA},
   PDF          = {http://www.fil.ion.ucl.ac.uk/~wpenny/publications/rik_anova.pdf

}
}

@TECHREPORT{karl_history,
   AUTHOR       = {K.J. Friston},
   INSTITUTION  = {Wellcome Department of Imaging Neuroscience, ION, UCL},
   TITLE        = {A short history of statistical parametric mapping in 
      functional neuroimaging},
   YEAR         = {2002},
   OPTADDRESS   = {},
   OPTMONTH     = {},
   OPTNOTE      = {},
   OPTNUMBER    = {},
   OPTTYPE      = {},
   KEYWORDS     = {introduction},
   URL          = {/spm/doc/history.html},
   PDF          = {/spm/doc/papers/History.pdf}
}

@TECHREPORT{penny_wavelet,
   AUTHOR       = {W.D. Penny},
   INSTITUTION  = {Wellcome Department of Imaging Neuroscience, ION, UCL},
   TITLE        = {Wavelet smoothing of fMRI activation images},
   YEAR         = {2002},
   OPTADDRESS   = {},
   OPTMONTH     = {},
   OPTNOTE      = {},
   OPTNUMBER    = {},
   OPTTYPE      = {},
   KEYWORDS     = {fMRI, spatial},
   PDF          = {http://www.fil.ion.ucl.ac.uk/~wpenny/publications/wave.pdf}
}

@TECHREPORT{will_anno,
   AUTHOR       = {W.D. Penny},
   INSTITUTION  = {Wellcome Department of Imaging Neuroscience, ION, UCL},
   TITLE        = {Statistical Parametric Mapping: an annotated 
      bibliography},
   YEAR         = {2001},
   OPTADDRESS   = {},
   OPTMONTH     = {},
   OPTNOTE      = {},
   OPTNUMBER    = {},
   OPTTYPE      = {},
   KEYWORDS     = {introduction},
   URL          = {/spm/doc/spmbib.html},
   PDF          = {/spm/doc/spmbib.pdf}
}

@TECHREPORT{spm99_manual,
   AUTHOR       = {D. Veltman and C. Hutton},
   INSTITUTION  = {Wellcome Department of Imaging Neuroscience},
   TITLE        = {SPM99 Manual},
   YEAR         = {2000},
   OPTADDRESS   = {},
   OPTMONTH     = {},
   OPTNOTE      = {},
   OPTNUMBER    = {},
   OPTTYPE      = {},
   KEYWORDS     = {introduction},
   PDF          = {/spm/doc/papers/spm99_manual.pdf}
}

@UNPUBLISHED{david_dcm_erp,
   AUTHOR       = {O. David and S.J. Kiebel and L. Harrison and J. Mattout and 
      J. Kilner and K.J. Friston},
   NOTE         = {In press, NeuroImage},
   TITLE        = {Dynamic Causal Modelling of Evoked Responses in EEG and 
      MEG},
   OPTMONTH     = {},
   YEAR         = {2005}
}

@UNPUBLISHED{karl_induced,
   AUTHOR       = {K.J. Friston and R.N.A. Henson and C. Phillips and 
      J. Mattout},
   NOTE         = {Submitted},
   TITLE        = {Bayesian estimation of evoked and induced responses},
   OPTMONTH     = {},
   YEAR         = {2005}
}

@UNPUBLISHED{sjk_dcm_erp,
   AUTHOR       = {S.J. Kiebel and O. David and K.J. Friston},
   NOTE         = {Under revision},
   TITLE        = {Dynamic Causal Modelling of Evoked Responses in EEG/MEG 
      with lead-field parameterization},
   OPTMONTH     = {},
   YEAR         = {2005}
}

@Article{rnah_face_rep,
  author = 	 {R.N.A. Henson and T. Shallice and M.L. Gorno-Tempini
  and R.J. Dolan},
  title = 	 {Face repetition effects in implicit and explicit
  memory tests as measured by {fMRI}},
  journal = 	 {Cerebral Cortex},
  year = 	 2002,
  volume =	 12,
  pages =	 {178-186},
  keyword = {fMRI},
  pdf = { /spm/doc/papers/rnah_face_rep.pdf }
}
